%YAML 1.1
%TAG !u! tag:unity3d.com,2011:
--- !u!1 &2500461011560328430
GameObject:
  m_ObjectHideFlags: 0
  m_CorrespondingSourceObject: {fileID: 0}
  m_PrefabInstance: {fileID: 0}
  m_PrefabAsset: {fileID: 0}
  serializedVersion: 6
  m_Component:
  - component: {fileID: 2497151485040634054}
  - component: {fileID: 8421428282089464829}
  m_Layer: 9
  m_Name: Slope
  m_TagString: Untagged
  m_Icon: {fileID: 0}
  m_NavMeshLayer: 0
  m_StaticEditorFlags: 0
  m_IsActive: 1
--- !u!4 &2497151485040634054
Transform:
  m_ObjectHideFlags: 0
  m_CorrespondingSourceObject: {fileID: 0}
  m_PrefabInstance: {fileID: 0}
  m_PrefabAsset: {fileID: 0}
  m_GameObject: {fileID: 2500461011560328430}
  m_LocalRotation: {x: 0, y: 0, z: 0, w: 1}
  m_LocalPosition: {x: 0, y: 0, z: 0}
  m_LocalScale: {x: 1, y: 1, z: 1}
  m_ConstrainProportionsScale: 0
  m_Children:
  - {fileID: 148885222767151582}
  - {fileID: 1157360592207102645}
  m_Father: {fileID: 0}
  m_RootOrder: 0
  m_LocalEulerAnglesHint: {x: 0, y: 0, z: 0}
--- !u!114 &8421428282089464829
MonoBehaviour:
  m_ObjectHideFlags: 0
  m_CorrespondingSourceObject: {fileID: 0}
  m_PrefabInstance: {fileID: 0}
  m_PrefabAsset: {fileID: 0}
  m_GameObject: {fileID: 2500461011560328430}
  m_Enabled: 1
  m_EditorHideFlags: 0
  m_Script: {fileID: 11500000, guid: c0b82163277911446ba976aaac3e51e4, type: 3}
  m_Name: 
  m_EditorClassIdentifier: 
  _translationRoot: {fileID: 2500461011560328430}
  _rotationRoot: {fileID: 3325814510630690692}
  _materialSwitch: {fileID: 759040283638670858}
  _cubeRenderer: {fileID: 6249081912576411974}
--- !u!1 &3325814510630690692
GameObject:
  m_ObjectHideFlags: 0
  m_CorrespondingSourceObject: {fileID: 0}
  m_PrefabInstance: {fileID: 0}
  m_PrefabAsset: {fileID: 0}
  serializedVersion: 6
  m_Component:
  - component: {fileID: 148885222767151582}
  m_Layer: 9
  m_Name: RotationRoot
  m_TagString: Untagged
  m_Icon: {fileID: 0}
  m_NavMeshLayer: 0
  m_StaticEditorFlags: 0
  m_IsActive: 1
--- !u!4 &148885222767151582
Transform:
  m_ObjectHideFlags: 0
  m_CorrespondingSourceObject: {fileID: 0}
  m_PrefabInstance: {fileID: 0}
  m_PrefabAsset: {fileID: 0}
  m_GameObject: {fileID: 3325814510630690692}
  m_LocalRotation: {x: 0, y: 0, z: 0, w: 1}
  m_LocalPosition: {x: 0.5, y: 0.5, z: 0.5}
  m_LocalScale: {x: 1, y: 1, z: 1}
  m_ConstrainProportionsScale: 0
  m_Children:
  - {fileID: 8709606776144351113}
  - {fileID: 5354813527840537728}
  m_Father: {fileID: 2497151485040634054}
  m_RootOrder: 0
  m_LocalEulerAnglesHint: {x: 0, y: 0, z: 0}
--- !u!1001 &963817859525112843
PrefabInstance:
  m_ObjectHideFlags: 0
  serializedVersion: 2
  m_Modification:
    m_TransformParent: {fileID: 148885222767151582}
    m_Modifications:
    - target: {fileID: 1918916255359971470, guid: 9a024b0a9444a2d49b788d213b13b29e,
        type: 3}
      propertyPath: m_Name
      value: FocusArea
      objectReference: {fileID: 0}
    - target: {fileID: 5129659026213161099, guid: 9a024b0a9444a2d49b788d213b13b29e,
        type: 3}
      propertyPath: m_RootOrder
      value: 1
      objectReference: {fileID: 0}
    - target: {fileID: 5129659026213161099, guid: 9a024b0a9444a2d49b788d213b13b29e,
        type: 3}
      propertyPath: m_LocalPosition.x
      value: 0
      objectReference: {fileID: 0}
    - target: {fileID: 5129659026213161099, guid: 9a024b0a9444a2d49b788d213b13b29e,
        type: 3}
      propertyPath: m_LocalPosition.y
      value: 0
      objectReference: {fileID: 0}
    - target: {fileID: 5129659026213161099, guid: 9a024b0a9444a2d49b788d213b13b29e,
        type: 3}
      propertyPath: m_LocalPosition.z
      value: 0
      objectReference: {fileID: 0}
    - target: {fileID: 5129659026213161099, guid: 9a024b0a9444a2d49b788d213b13b29e,
        type: 3}
      propertyPath: m_LocalRotation.w
      value: 1
      objectReference: {fileID: 0}
    - target: {fileID: 5129659026213161099, guid: 9a024b0a9444a2d49b788d213b13b29e,
        type: 3}
      propertyPath: m_LocalRotation.x
      value: 0
      objectReference: {fileID: 0}
    - target: {fileID: 5129659026213161099, guid: 9a024b0a9444a2d49b788d213b13b29e,
        type: 3}
      propertyPath: m_LocalRotation.y
      value: 0
      objectReference: {fileID: 0}
    - target: {fileID: 5129659026213161099, guid: 9a024b0a9444a2d49b788d213b13b29e,
        type: 3}
      propertyPath: m_LocalRotation.z
      value: 0
      objectReference: {fileID: 0}
    - target: {fileID: 5129659026213161099, guid: 9a024b0a9444a2d49b788d213b13b29e,
        type: 3}
      propertyPath: m_LocalEulerAnglesHint.x
      value: 0
      objectReference: {fileID: 0}
    - target: {fileID: 5129659026213161099, guid: 9a024b0a9444a2d49b788d213b13b29e,
        type: 3}
      propertyPath: m_LocalEulerAnglesHint.y
      value: 0
      objectReference: {fileID: 0}
    - target: {fileID: 5129659026213161099, guid: 9a024b0a9444a2d49b788d213b13b29e,
        type: 3}
      propertyPath: m_LocalEulerAnglesHint.z
      value: 0
      objectReference: {fileID: 0}
    - target: {fileID: 5422003922634141947, guid: 9a024b0a9444a2d49b788d213b13b29e,
        type: 3}
      propertyPath: m_LocalScale.y
      value: 1
      objectReference: {fileID: 0}
    - target: {fileID: 5422003922634141947, guid: 9a024b0a9444a2d49b788d213b13b29e,
        type: 3}
      propertyPath: m_LocalPosition.y
      value: 0
      objectReference: {fileID: 0}
    - target: {fileID: 9221791478864830601, guid: 9a024b0a9444a2d49b788d213b13b29e,
        type: 3}
      propertyPath: _focusTarget.ObjectField
      value: 
      objectReference: {fileID: 8421428282089464829}
    m_RemovedComponents: []
  m_SourcePrefab: {fileID: 100100000, guid: 9a024b0a9444a2d49b788d213b13b29e, type: 3}
--- !u!4 &5354813527840537728 stripped
Transform:
  m_CorrespondingSourceObject: {fileID: 5129659026213161099, guid: 9a024b0a9444a2d49b788d213b13b29e,
    type: 3}
  m_PrefabInstance: {fileID: 963817859525112843}
  m_PrefabAsset: {fileID: 0}
--- !u!1001 &3212614513615590456
PrefabInstance:
  m_ObjectHideFlags: 0
  serializedVersion: 2
  m_Modification:
    m_TransformParent: {fileID: 2497151485040634054}
    m_Modifications:
    - target: {fileID: 451221830634217905, guid: 5491dff7592d4b64d8c66db3832535d7,
        type: 3}
      propertyPath: m_Name
      value: MaterialSwitch
      objectReference: {fileID: 0}
    - target: {fileID: 4367008064970692237, guid: 5491dff7592d4b64d8c66db3832535d7,
        type: 3}
      propertyPath: m_RootOrder
      value: 1
      objectReference: {fileID: 0}
    - target: {fileID: 4367008064970692237, guid: 5491dff7592d4b64d8c66db3832535d7,
        type: 3}
      propertyPath: m_LocalPosition.x
      value: 0
      objectReference: {fileID: 0}
    - target: {fileID: 4367008064970692237, guid: 5491dff7592d4b64d8c66db3832535d7,
        type: 3}
      propertyPath: m_LocalPosition.y
      value: 0
      objectReference: {fileID: 0}
    - target: {fileID: 4367008064970692237, guid: 5491dff7592d4b64d8c66db3832535d7,
        type: 3}
      propertyPath: m_LocalPosition.z
      value: 0
      objectReference: {fileID: 0}
    - target: {fileID: 4367008064970692237, guid: 5491dff7592d4b64d8c66db3832535d7,
        type: 3}
      propertyPath: m_LocalRotation.w
      value: 1
      objectReference: {fileID: 0}
    - target: {fileID: 4367008064970692237, guid: 5491dff7592d4b64d8c66db3832535d7,
        type: 3}
      propertyPath: m_LocalRotation.x
      value: 0
      objectReference: {fileID: 0}
    - target: {fileID: 4367008064970692237, guid: 5491dff7592d4b64d8c66db3832535d7,
        type: 3}
      propertyPath: m_LocalRotation.y
      value: 0
      objectReference: {fileID: 0}
    - target: {fileID: 4367008064970692237, guid: 5491dff7592d4b64d8c66db3832535d7,
        type: 3}
      propertyPath: m_LocalRotation.z
      value: 0
      objectReference: {fileID: 0}
    - target: {fileID: 4367008064970692237, guid: 5491dff7592d4b64d8c66db3832535d7,
        type: 3}
      propertyPath: m_LocalEulerAnglesHint.x
      value: 0
      objectReference: {fileID: 0}
    - target: {fileID: 4367008064970692237, guid: 5491dff7592d4b64d8c66db3832535d7,
        type: 3}
      propertyPath: m_LocalEulerAnglesHint.y
      value: 0
      objectReference: {fileID: 0}
    - target: {fileID: 4367008064970692237, guid: 5491dff7592d4b64d8c66db3832535d7,
        type: 3}
      propertyPath: m_LocalEulerAnglesHint.z
      value: 0
      objectReference: {fileID: 0}
    m_RemovedComponents: []
  m_SourcePrefab: {fileID: 100100000, guid: 5491dff7592d4b64d8c66db3832535d7, type: 3}
--- !u!114 &759040283638670858 stripped
MonoBehaviour:
  m_CorrespondingSourceObject: {fileID: 2746589927967617586, guid: 5491dff7592d4b64d8c66db3832535d7,
    type: 3}
  m_PrefabInstance: {fileID: 3212614513615590456}
  m_PrefabAsset: {fileID: 0}
  m_GameObject: {fileID: 0}
  m_Enabled: 1
  m_EditorHideFlags: 0
  m_Script: {fileID: 11500000, guid: d45ee305416c884498f5c35757a862e5, type: 3}
  m_Name: 
  m_EditorClassIdentifier: 
--- !u!4 &1157360592207102645 stripped
Transform:
  m_CorrespondingSourceObject: {fileID: 4367008064970692237, guid: 5491dff7592d4b64d8c66db3832535d7,
    type: 3}
  m_PrefabInstance: {fileID: 3212614513615590456}
  m_PrefabAsset: {fileID: 0}
--- !u!1001 &4441686098232665235
PrefabInstance:
  m_ObjectHideFlags: 0
  serializedVersion: 2
  m_Modification:
    m_TransformParent: {fileID: 148885222767151582}
    m_Modifications:
    - target: {fileID: -4216859302048453862, guid: 3829231cd0207a341b9af33a215de79a,
        type: 3}
      propertyPath: m_RootOrder
      value: 0
      objectReference: {fileID: 0}
    - target: {fileID: -4216859302048453862, guid: 3829231cd0207a341b9af33a215de79a,
        type: 3}
      propertyPath: m_LocalPosition.x
      value: 0
      objectReference: {fileID: 0}
    - target: {fileID: -4216859302048453862, guid: 3829231cd0207a341b9af33a215de79a,
        type: 3}
      propertyPath: m_LocalPosition.y
      value: 0
      objectReference: {fileID: 0}
    - target: {fileID: -4216859302048453862, guid: 3829231cd0207a341b9af33a215de79a,
        type: 3}
      propertyPath: m_LocalPosition.z
      value: 0
      objectReference: {fileID: 0}
    - target: {fileID: -4216859302048453862, guid: 3829231cd0207a341b9af33a215de79a,
        type: 3}
      propertyPath: m_LocalRotation.w
      value: 1
      objectReference: {fileID: 0}
    - target: {fileID: -4216859302048453862, guid: 3829231cd0207a341b9af33a215de79a,
        type: 3}
      propertyPath: m_LocalRotation.x
      value: 0
      objectReference: {fileID: 0}
    - target: {fileID: -4216859302048453862, guid: 3829231cd0207a341b9af33a215de79a,
        type: 3}
      propertyPath: m_LocalRotation.y
      value: 0
      objectReference: {fileID: 0}
    - target: {fileID: -4216859302048453862, guid: 3829231cd0207a341b9af33a215de79a,
        type: 3}
      propertyPath: m_LocalRotation.z
      value: 0
      objectReference: {fileID: 0}
    - target: {fileID: -4216859302048453862, guid: 3829231cd0207a341b9af33a215de79a,
        type: 3}
      propertyPath: m_LocalEulerAnglesHint.x
      value: 0
      objectReference: {fileID: 0}
    - target: {fileID: -4216859302048453862, guid: 3829231cd0207a341b9af33a215de79a,
        type: 3}
      propertyPath: m_LocalEulerAnglesHint.y
      value: 0
      objectReference: {fileID: 0}
    - target: {fileID: -4216859302048453862, guid: 3829231cd0207a341b9af33a215de79a,
        type: 3}
      propertyPath: m_LocalEulerAnglesHint.z
      value: 0
      objectReference: {fileID: 0}
    - target: {fileID: -1504981713932161579, guid: 3829231cd0207a341b9af33a215de79a,
        type: 3}
      propertyPath: m_Materials.Array.data[0]
      value: 
      objectReference: {fileID: 2100000, guid: e0ed2e437e4fb754c8cedbb53dda75bf, type: 2}
    - target: {fileID: -927199367670048503, guid: 3829231cd0207a341b9af33a215de79a,
        type: 3}
      propertyPath: m_Name
      value: Slope45
      objectReference: {fileID: 0}
    - target: {fileID: -927199367670048503, guid: 3829231cd0207a341b9af33a215de79a,
        type: 3}
      propertyPath: m_Layer
      value: 9
      objectReference: {fileID: 0}
    m_RemovedComponents: []
  m_SourcePrefab: {fileID: 100100000, guid: 3829231cd0207a341b9af33a215de79a, type: 3}
--- !u!1 &5658180223200247194 stripped
GameObject:
  m_CorrespondingSourceObject: {fileID: -927199367670048503, guid: 3829231cd0207a341b9af33a215de79a,
    type: 3}
  m_PrefabInstance: {fileID: 4441686098232665235}
  m_PrefabAsset: {fileID: 0}
--- !u!64 &7899304240819444257
MeshCollider:
  m_ObjectHideFlags: 0
  m_CorrespondingSourceObject: {fileID: 0}
  m_PrefabInstance: {fileID: 0}
  m_PrefabAsset: {fileID: 0}
  m_GameObject: {fileID: 5658180223200247194}
  m_Material: {fileID: 0}
  m_IsTrigger: 0
  m_Enabled: 1
  serializedVersion: 4
  m_Convex: 0
  m_CookingOptions: 30
  m_Mesh: {fileID: -5495902117074765545, guid: 3829231cd0207a341b9af33a215de79a, type: 3}
--- !u!23 &6249081912576411974 stripped
MeshRenderer:
  m_CorrespondingSourceObject: {fileID: -1504981713932161579, guid: 3829231cd0207a341b9af33a215de79a,
    type: 3}
  m_PrefabInstance: {fileID: 4441686098232665235}
  m_PrefabAsset: {fileID: 0}
--- !u!4 &8709606776144351113 stripped
Transform:
  m_CorrespondingSourceObject: {fileID: -4216859302048453862, guid: 3829231cd0207a341b9af33a215de79a,
    type: 3}
  m_PrefabInstance: {fileID: 4441686098232665235}
  m_PrefabAsset: {fileID: 0}
