%YAML 1.1
%TAG !u! tag:unity3d.com,2011:
--- !u!1 &4594981684671607224
GameObject:
  m_ObjectHideFlags: 0
  m_CorrespondingSourceObject: {fileID: 0}
  m_PrefabInstance: {fileID: 0}
  m_PrefabAsset: {fileID: 0}
  serializedVersion: 6
  m_Component:
  - component: {fileID: 7959418083110068139}
  - component: {fileID: 8970382487783589470}
  - component: {fileID: 3587936971974856191}
  m_Layer: 0
  m_Name: Title
  m_TagString: Untagged
  m_Icon: {fileID: 0}
  m_NavMeshLayer: 0
  m_StaticEditorFlags: 0
  m_IsActive: 1
--- !u!224 &7959418083110068139
RectTransform:
  m_ObjectHideFlags: 0
  m_CorrespondingSourceObject: {fileID: 0}
  m_PrefabInstance: {fileID: 0}
  m_PrefabAsset: {fileID: 0}
  m_GameObject: {fileID: 4594981684671607224}
  m_LocalRotation: {x: 0, y: 0, z: 0, w: 1}
  m_LocalPosition: {x: 0, y: 0, z: 0}
  m_LocalScale: {x: 1, y: 1, z: 1}
  m_ConstrainProportionsScale: 0
  m_Children:
  - {fileID: 958766858243421224}
  m_Father: {fileID: 7336689806046289137}
  m_RootOrder: 0
  m_LocalEulerAnglesHint: {x: 0, y: 0, z: 0}
  m_AnchorMin: {x: 0, y: 1}
  m_AnchorMax: {x: 1, y: 1}
  m_AnchoredPosition: {x: 0, y: 0}
  m_SizeDelta: {x: 0, y: 60}
  m_Pivot: {x: 0.5, y: 1}
--- !u!222 &8970382487783589470
CanvasRenderer:
  m_ObjectHideFlags: 0
  m_CorrespondingSourceObject: {fileID: 0}
  m_PrefabInstance: {fileID: 0}
  m_PrefabAsset: {fileID: 0}
  m_GameObject: {fileID: 4594981684671607224}
  m_CullTransparentMesh: 0
--- !u!114 &3587936971974856191
MonoBehaviour:
  m_ObjectHideFlags: 0
  m_CorrespondingSourceObject: {fileID: 0}
  m_PrefabInstance: {fileID: 0}
  m_PrefabAsset: {fileID: 0}
  m_GameObject: {fileID: 4594981684671607224}
  m_Enabled: 0
  m_EditorHideFlags: 0
  m_Script: {fileID: 11500000, guid: fe87c0e1cc204ed48ad3b37840f39efc, type: 3}
  m_Name: 
  m_EditorClassIdentifier: 
  m_Material: {fileID: 0}
  m_Color: {r: 1, g: 1, b: 1, a: 0.392}
  m_RaycastTarget: 1
  m_RaycastPadding: {x: 0, y: 0, z: 0, w: 0}
  m_Maskable: 1
  m_OnCullStateChanged:
    m_PersistentCalls:
      m_Calls: []
  m_Sprite: {fileID: 21300000, guid: 9917fe0b6ab1ac14fa70a60ce2344811, type: 3}
  m_Type: 0
  m_PreserveAspect: 0
  m_FillCenter: 1
  m_FillMethod: 4
  m_FillAmount: 1
  m_FillClockwise: 1
  m_FillOrigin: 0
  m_UseSpriteMesh: 0
  m_PixelsPerUnitMultiplier: 1
--- !u!1 &7336689806046289136
GameObject:
  m_ObjectHideFlags: 0
  m_CorrespondingSourceObject: {fileID: 0}
  m_PrefabInstance: {fileID: 0}
  m_PrefabAsset: {fileID: 0}
  serializedVersion: 6
  m_Component:
  - component: {fileID: 7336689806046289137}
  - component: {fileID: 7336689806046289151}
  - component: {fileID: 7336689806046289150}
  - component: {fileID: 7170650595457862934}
  - component: {fileID: 7974146761053227012}
  m_Layer: 0
  m_Name: TextEditor
  m_TagString: Untagged
  m_Icon: {fileID: 0}
  m_NavMeshLayer: 0
  m_StaticEditorFlags: 0
  m_IsActive: 1
--- !u!224 &7336689806046289137
RectTransform:
  m_ObjectHideFlags: 0
  m_CorrespondingSourceObject: {fileID: 0}
  m_PrefabInstance: {fileID: 0}
  m_PrefabAsset: {fileID: 0}
  m_GameObject: {fileID: 7336689806046289136}
  m_LocalRotation: {x: 0, y: 0, z: 0, w: 1}
  m_LocalPosition: {x: 0, y: 0, z: 0}
  m_LocalScale: {x: 1, y: 1, z: 1}
  m_ConstrainProportionsScale: 0
  m_Children:
  - {fileID: 7959418083110068139}
  - {fileID: 8459102010992713487}
  m_Father: {fileID: 0}
  m_RootOrder: 0
  m_LocalEulerAnglesHint: {x: 0, y: 0, z: 0}
  m_AnchorMin: {x: 0, y: 0}
  m_AnchorMax: {x: 1, y: 1}
  m_AnchoredPosition: {x: 0, y: 0}
  m_SizeDelta: {x: 0, y: 0}
  m_Pivot: {x: 0.5, y: 0.5}
--- !u!222 &7336689806046289151
CanvasRenderer:
  m_ObjectHideFlags: 0
  m_CorrespondingSourceObject: {fileID: 0}
  m_PrefabInstance: {fileID: 0}
  m_PrefabAsset: {fileID: 0}
  m_GameObject: {fileID: 7336689806046289136}
  m_CullTransparentMesh: 0
--- !u!114 &7336689806046289150
MonoBehaviour:
  m_ObjectHideFlags: 0
  m_CorrespondingSourceObject: {fileID: 0}
  m_PrefabInstance: {fileID: 0}
  m_PrefabAsset: {fileID: 0}
  m_GameObject: {fileID: 7336689806046289136}
  m_Enabled: 1
  m_EditorHideFlags: 0
  m_Script: {fileID: 11500000, guid: fe87c0e1cc204ed48ad3b37840f39efc, type: 3}
  m_Name: 
  m_EditorClassIdentifier: 
  m_Material: {fileID: 0}
  m_Color: {r: 0, g: 0, b: 0, a: 0.5019608}
  m_RaycastTarget: 1
  m_RaycastPadding: {x: 0, y: 0, z: 0, w: 0}
  m_Maskable: 1
  m_OnCullStateChanged:
    m_PersistentCalls:
      m_Calls: []
  m_Sprite: {fileID: 21300000, guid: 9917fe0b6ab1ac14fa70a60ce2344811, type: 3}
  m_Type: 0
  m_PreserveAspect: 0
  m_FillCenter: 1
  m_FillMethod: 4
  m_FillAmount: 1
  m_FillClockwise: 1
  m_FillOrigin: 0
  m_UseSpriteMesh: 0
  m_PixelsPerUnitMultiplier: 1
--- !u!114 &7170650595457862934
MonoBehaviour:
  m_ObjectHideFlags: 0
  m_CorrespondingSourceObject: {fileID: 0}
  m_PrefabInstance: {fileID: 0}
  m_PrefabAsset: {fileID: 0}
  m_GameObject: {fileID: 7336689806046289136}
  m_Enabled: 1
  m_EditorHideFlags: 0
  m_Script: {fileID: 11500000, guid: 306cc8c2b49d7114eaa3623786fc2126, type: 3}
  m_Name: 
  m_EditorClassIdentifier: 
  m_IgnoreLayout: 0
  m_MinWidth: -1
  m_MinHeight: -1
  m_PreferredWidth: -1
  m_PreferredHeight: 120
  m_FlexibleWidth: -1
  m_FlexibleHeight: -1
  m_LayoutPriority: 1
--- !u!114 &7974146761053227012
MonoBehaviour:
  m_ObjectHideFlags: 0
  m_CorrespondingSourceObject: {fileID: 0}
  m_PrefabInstance: {fileID: 0}
  m_PrefabAsset: {fileID: 0}
  m_GameObject: {fileID: 7336689806046289136}
  m_Enabled: 1
  m_EditorHideFlags: 0
  m_Script: {fileID: 11500000, guid: 5919228d96e17b8479bb057aa12d0e07, type: 3}
  m_Name: 
  m_EditorClassIdentifier: 
  _field: {fileID: 9028705784312787917}
--- !u!1001 &2342094831504203895
PrefabInstance:
  m_ObjectHideFlags: 0
  serializedVersion: 2
  m_Modification:
    m_TransformParent: {fileID: 7959418083110068139}
    m_Modifications:
    - target: {fileID: 3300843546999919711, guid: 1590bfa85b5c41c47a2220352b6a1894,
        type: 3}
      propertyPath: m_Pivot.x
      value: 0.5
      objectReference: {fileID: 0}
    - target: {fileID: 3300843546999919711, guid: 1590bfa85b5c41c47a2220352b6a1894,
        type: 3}
      propertyPath: m_Pivot.y
      value: 0.5
      objectReference: {fileID: 0}
    - target: {fileID: 3300843546999919711, guid: 1590bfa85b5c41c47a2220352b6a1894,
        type: 3}
      propertyPath: m_RootOrder
      value: 0
      objectReference: {fileID: 0}
    - target: {fileID: 3300843546999919711, guid: 1590bfa85b5c41c47a2220352b6a1894,
        type: 3}
      propertyPath: m_AnchorMax.x
      value: 1
      objectReference: {fileID: 0}
    - target: {fileID: 3300843546999919711, guid: 1590bfa85b5c41c47a2220352b6a1894,
        type: 3}
      propertyPath: m_AnchorMax.y
      value: 1
      objectReference: {fileID: 0}
    - target: {fileID: 3300843546999919711, guid: 1590bfa85b5c41c47a2220352b6a1894,
        type: 3}
      propertyPath: m_AnchorMin.x
      value: 0
      objectReference: {fileID: 0}
    - target: {fileID: 3300843546999919711, guid: 1590bfa85b5c41c47a2220352b6a1894,
        type: 3}
      propertyPath: m_AnchorMin.y
      value: 0
      objectReference: {fileID: 0}
    - target: {fileID: 3300843546999919711, guid: 1590bfa85b5c41c47a2220352b6a1894,
        type: 3}
      propertyPath: m_SizeDelta.x
      value: 0
      objectReference: {fileID: 0}
    - target: {fileID: 3300843546999919711, guid: 1590bfa85b5c41c47a2220352b6a1894,
        type: 3}
      propertyPath: m_SizeDelta.y
      value: 0
      objectReference: {fileID: 0}
    - target: {fileID: 3300843546999919711, guid: 1590bfa85b5c41c47a2220352b6a1894,
        type: 3}
      propertyPath: m_LocalPosition.x
      value: 0
      objectReference: {fileID: 0}
    - target: {fileID: 3300843546999919711, guid: 1590bfa85b5c41c47a2220352b6a1894,
        type: 3}
      propertyPath: m_LocalPosition.y
      value: 0
      objectReference: {fileID: 0}
    - target: {fileID: 3300843546999919711, guid: 1590bfa85b5c41c47a2220352b6a1894,
        type: 3}
      propertyPath: m_LocalPosition.z
      value: 0
      objectReference: {fileID: 0}
    - target: {fileID: 3300843546999919711, guid: 1590bfa85b5c41c47a2220352b6a1894,
        type: 3}
      propertyPath: m_LocalRotation.w
      value: 1
      objectReference: {fileID: 0}
    - target: {fileID: 3300843546999919711, guid: 1590bfa85b5c41c47a2220352b6a1894,
        type: 3}
      propertyPath: m_LocalRotation.x
      value: 0
      objectReference: {fileID: 0}
    - target: {fileID: 3300843546999919711, guid: 1590bfa85b5c41c47a2220352b6a1894,
        type: 3}
      propertyPath: m_LocalRotation.y
      value: 0
      objectReference: {fileID: 0}
    - target: {fileID: 3300843546999919711, guid: 1590bfa85b5c41c47a2220352b6a1894,
        type: 3}
      propertyPath: m_LocalRotation.z
      value: 0
      objectReference: {fileID: 0}
    - target: {fileID: 3300843546999919711, guid: 1590bfa85b5c41c47a2220352b6a1894,
        type: 3}
      propertyPath: m_AnchoredPosition.x
      value: 0
      objectReference: {fileID: 0}
    - target: {fileID: 3300843546999919711, guid: 1590bfa85b5c41c47a2220352b6a1894,
        type: 3}
      propertyPath: m_AnchoredPosition.y
      value: 0
      objectReference: {fileID: 0}
    - target: {fileID: 3300843546999919711, guid: 1590bfa85b5c41c47a2220352b6a1894,
        type: 3}
      propertyPath: m_LocalEulerAnglesHint.x
      value: 0
      objectReference: {fileID: 0}
    - target: {fileID: 3300843546999919711, guid: 1590bfa85b5c41c47a2220352b6a1894,
        type: 3}
      propertyPath: m_LocalEulerAnglesHint.y
      value: 0
      objectReference: {fileID: 0}
    - target: {fileID: 3300843546999919711, guid: 1590bfa85b5c41c47a2220352b6a1894,
        type: 3}
      propertyPath: m_LocalEulerAnglesHint.z
      value: 0
      objectReference: {fileID: 0}
    - target: {fileID: 3857994932469324243, guid: 1590bfa85b5c41c47a2220352b6a1894,
        type: 3}
      propertyPath: m_text
      value: Content
      objectReference: {fileID: 0}
    - target: {fileID: 8806302799333030184, guid: 1590bfa85b5c41c47a2220352b6a1894,
        type: 3}
      propertyPath: m_Name
      value: Title3
      objectReference: {fileID: 0}
    m_RemovedComponents: []
  m_SourcePrefab: {fileID: 100100000, guid: 1590bfa85b5c41c47a2220352b6a1894, type: 3}
--- !u!224 &958766858243421224 stripped
RectTransform:
  m_CorrespondingSourceObject: {fileID: 3300843546999919711, guid: 1590bfa85b5c41c47a2220352b6a1894,
    type: 3}
  m_PrefabInstance: {fileID: 2342094831504203895}
  m_PrefabAsset: {fileID: 0}
--- !u!1001 &2514507573869203155
PrefabInstance:
  m_ObjectHideFlags: 0
  serializedVersion: 2
  m_Modification:
    m_TransformParent: {fileID: 7336689806046289137}
    m_Modifications:
    - target: {fileID: 2153159109755009946, guid: bd20734a7fe413d4aae63001c1fbe26a,
        type: 3}
      propertyPath: m_Name
      value: InputField
      objectReference: {fileID: 0}
    - target: {fileID: 4121578973088810730, guid: bd20734a7fe413d4aae63001c1fbe26a,
        type: 3}
      propertyPath: m_fontAsset
      value: 
      objectReference: {fileID: 11400000, guid: 0b4aa1ac7a9e46f4a9080c7cc74d8a20,
        type: 2}
    - target: {fileID: 4121578973088810730, guid: bd20734a7fe413d4aae63001c1fbe26a,
        type: 3}
      propertyPath: m_sharedMaterial
      value: 
      objectReference: {fileID: 8517193507429322745, guid: 0b4aa1ac7a9e46f4a9080c7cc74d8a20,
        type: 2}
    - target: {fileID: 5918644596021728158, guid: bd20734a7fe413d4aae63001c1fbe26a,
        type: 3}
      propertyPath: m_textAlignment
      value: 65535
      objectReference: {fileID: 0}
    - target: {fileID: 5918644596021728158, guid: bd20734a7fe413d4aae63001c1fbe26a,
        type: 3}
      propertyPath: m_TextStyleHashCode
      value: -1183493901
      objectReference: {fileID: 0}
    - target: {fileID: 6305487138758824412, guid: bd20734a7fe413d4aae63001c1fbe26a,
        type: 3}
      propertyPath: m_Pivot.x
      value: 0.5
      objectReference: {fileID: 0}
    - target: {fileID: 6305487138758824412, guid: bd20734a7fe413d4aae63001c1fbe26a,
        type: 3}
      propertyPath: m_Pivot.y
      value: 0.5
      objectReference: {fileID: 0}
    - target: {fileID: 6305487138758824412, guid: bd20734a7fe413d4aae63001c1fbe26a,
        type: 3}
      propertyPath: m_RootOrder
      value: 1
      objectReference: {fileID: 0}
    - target: {fileID: 6305487138758824412, guid: bd20734a7fe413d4aae63001c1fbe26a,
        type: 3}
      propertyPath: m_AnchorMax.x
      value: 1
      objectReference: {fileID: 0}
    - target: {fileID: 6305487138758824412, guid: bd20734a7fe413d4aae63001c1fbe26a,
        type: 3}
      propertyPath: m_AnchorMax.y
      value: 1
      objectReference: {fileID: 0}
    - target: {fileID: 6305487138758824412, guid: bd20734a7fe413d4aae63001c1fbe26a,
        type: 3}
      propertyPath: m_AnchorMin.x
      value: 0
      objectReference: {fileID: 0}
    - target: {fileID: 6305487138758824412, guid: bd20734a7fe413d4aae63001c1fbe26a,
        type: 3}
      propertyPath: m_AnchorMin.y
      value: 0
      objectReference: {fileID: 0}
    - target: {fileID: 6305487138758824412, guid: bd20734a7fe413d4aae63001c1fbe26a,
        type: 3}
      propertyPath: m_SizeDelta.x
      value: 0
      objectReference: {fileID: 0}
    - target: {fileID: 6305487138758824412, guid: bd20734a7fe413d4aae63001c1fbe26a,
        type: 3}
      propertyPath: m_SizeDelta.y
      value: -60
      objectReference: {fileID: 0}
    - target: {fileID: 6305487138758824412, guid: bd20734a7fe413d4aae63001c1fbe26a,
        type: 3}
      propertyPath: m_LocalPosition.x
      value: 0
      objectReference: {fileID: 0}
    - target: {fileID: 6305487138758824412, guid: bd20734a7fe413d4aae63001c1fbe26a,
        type: 3}
      propertyPath: m_LocalPosition.y
      value: 0
      objectReference: {fileID: 0}
    - target: {fileID: 6305487138758824412, guid: bd20734a7fe413d4aae63001c1fbe26a,
        type: 3}
      propertyPath: m_LocalPosition.z
      value: 0
      objectReference: {fileID: 0}
    - target: {fileID: 6305487138758824412, guid: bd20734a7fe413d4aae63001c1fbe26a,
        type: 3}
      propertyPath: m_LocalRotation.w
      value: 1
      objectReference: {fileID: 0}
    - target: {fileID: 6305487138758824412, guid: bd20734a7fe413d4aae63001c1fbe26a,
        type: 3}
      propertyPath: m_LocalRotation.x
      value: -0
      objectReference: {fileID: 0}
    - target: {fileID: 6305487138758824412, guid: bd20734a7fe413d4aae63001c1fbe26a,
        type: 3}
      propertyPath: m_LocalRotation.y
      value: -0
      objectReference: {fileID: 0}
    - target: {fileID: 6305487138758824412, guid: bd20734a7fe413d4aae63001c1fbe26a,
        type: 3}
      propertyPath: m_LocalRotation.z
      value: -0
      objectReference: {fileID: 0}
    - target: {fileID: 6305487138758824412, guid: bd20734a7fe413d4aae63001c1fbe26a,
        type: 3}
      propertyPath: m_AnchoredPosition.x
      value: 0
      objectReference: {fileID: 0}
    - target: {fileID: 6305487138758824412, guid: bd20734a7fe413d4aae63001c1fbe26a,
        type: 3}
      propertyPath: m_AnchoredPosition.y
      value: -30
      objectReference: {fileID: 0}
    - target: {fileID: 6305487138758824412, guid: bd20734a7fe413d4aae63001c1fbe26a,
        type: 3}
      propertyPath: m_LocalEulerAnglesHint.x
      value: 0
      objectReference: {fileID: 0}
    - target: {fileID: 6305487138758824412, guid: bd20734a7fe413d4aae63001c1fbe26a,
        type: 3}
      propertyPath: m_LocalEulerAnglesHint.y
      value: 0
      objectReference: {fileID: 0}
    - target: {fileID: 6305487138758824412, guid: bd20734a7fe413d4aae63001c1fbe26a,
        type: 3}
      propertyPath: m_LocalEulerAnglesHint.z
      value: 0
      objectReference: {fileID: 0}
    - target: {fileID: 6893105867826838814, guid: bd20734a7fe413d4aae63001c1fbe26a,
        type: 3}
      propertyPath: m_Text
      value: 
      objectReference: {fileID: 0}
    - target: {fileID: 6893105867826838814, guid: bd20734a7fe413d4aae63001c1fbe26a,
        type: 3}
      propertyPath: m_ContentType
      value: 0
      objectReference: {fileID: 0}
    - target: {fileID: 6893105867826838814, guid: bd20734a7fe413d4aae63001c1fbe26a,
        type: 3}
      propertyPath: m_KeyboardType
      value: 0
      objectReference: {fileID: 0}
    - target: {fileID: 6893105867826838814, guid: bd20734a7fe413d4aae63001c1fbe26a,
        type: 3}
      propertyPath: m_CharacterValidation
      value: 0
      objectReference: {fileID: 0}
    - target: {fileID: 8142074006054325488, guid: bd20734a7fe413d4aae63001c1fbe26a,
        type: 3}
      propertyPath: m_text
      value: All your base are belong to us
      objectReference: {fileID: 0}
    - target: {fileID: 8142074006054325488, guid: bd20734a7fe413d4aae63001c1fbe26a,
        type: 3}
      propertyPath: m_Enabled
      value: 1
      objectReference: {fileID: 0}
    - target: {fileID: 8142074006054325488, guid: bd20734a7fe413d4aae63001c1fbe26a,
        type: 3}
      propertyPath: m_fontSize
      value: 14
      objectReference: {fileID: 0}
    - target: {fileID: 8142074006054325488, guid: bd20734a7fe413d4aae63001c1fbe26a,
        type: 3}
      propertyPath: m_fontAsset
      value: 
      objectReference: {fileID: 11400000, guid: 0b4aa1ac7a9e46f4a9080c7cc74d8a20,
        type: 2}
    - target: {fileID: 8142074006054325488, guid: bd20734a7fe413d4aae63001c1fbe26a,
        type: 3}
      propertyPath: m_fontSizeBase
      value: 14
      objectReference: {fileID: 0}
    - target: {fileID: 8142074006054325488, guid: bd20734a7fe413d4aae63001c1fbe26a,
        type: 3}
      propertyPath: m_textAlignment
      value: 65535
      objectReference: {fileID: 0}
    - target: {fileID: 8142074006054325488, guid: bd20734a7fe413d4aae63001c1fbe26a,
        type: 3}
      propertyPath: m_sharedMaterial
      value: 
      objectReference: {fileID: 8517193507429322745, guid: 0b4aa1ac7a9e46f4a9080c7cc74d8a20,
        type: 2}
    - target: {fileID: 8142074006054325488, guid: bd20734a7fe413d4aae63001c1fbe26a,
        type: 3}
      propertyPath: m_fontColor32.rgba
      value: 2160642248
      objectReference: {fileID: 0}
    - target: {fileID: 8142074006054325488, guid: bd20734a7fe413d4aae63001c1fbe26a,
        type: 3}
      propertyPath: m_TextStyleHashCode
      value: -1183493901
      objectReference: {fileID: 0}
    - target: {fileID: 8142074006054325488, guid: bd20734a7fe413d4aae63001c1fbe26a,
        type: 3}
      propertyPath: m_VerticalAlignment
      value: 512
      objectReference: {fileID: 0}
    - target: {fileID: 8142074006054325488, guid: bd20734a7fe413d4aae63001c1fbe26a,
        type: 3}
      propertyPath: m_HorizontalAlignment
      value: 1
      objectReference: {fileID: 0}
    - target: {fileID: 8648310537655624253, guid: bd20734a7fe413d4aae63001c1fbe26a,
        type: 3}
      propertyPath: m_Color.a
      value: 0
      objectReference: {fileID: 0}
    - target: {fileID: 8648310537655624253, guid: bd20734a7fe413d4aae63001c1fbe26a,
        type: 3}
      propertyPath: m_Enabled
      value: 1
      objectReference: {fileID: 0}
    m_RemovedComponents: []
  m_SourcePrefab: {fileID: 100100000, guid: bd20734a7fe413d4aae63001c1fbe26a, type: 3}
--- !u!224 &8459102010992713487 stripped
RectTransform:
  m_CorrespondingSourceObject: {fileID: 6305487138758824412, guid: bd20734a7fe413d4aae63001c1fbe26a,
    type: 3}
  m_PrefabInstance: {fileID: 2514507573869203155}
  m_PrefabAsset: {fileID: 0}
--- !u!114 &9028705784312787917 stripped
MonoBehaviour:
  m_CorrespondingSourceObject: {fileID: 6893105867826838814, guid: bd20734a7fe413d4aae63001c1fbe26a,
    type: 3}
  m_PrefabInstance: {fileID: 2514507573869203155}
  m_PrefabAsset: {fileID: 0}
  m_GameObject: {fileID: 0}
  m_Enabled: 1
  m_EditorHideFlags: 0
  m_Script: {fileID: 11500000, guid: 2da0c512f12947e489f739169773d7ca, type: 3}
  m_Name: 
  m_EditorClassIdentifier: 
