%YAML 1.1
%TAG !u! tag:unity3d.com,2011:
--- !u!1 &4028388924000597757
GameObject:
  m_ObjectHideFlags: 0
  m_CorrespondingSourceObject: {fileID: 0}
  m_PrefabInstance: {fileID: 0}
  m_PrefabAsset: {fileID: 0}
  serializedVersion: 6
  m_Component:
  - component: {fileID: 7917685375282555209}
  m_Layer: 0
  m_Name: RotationRoot
  m_TagString: Untagged
  m_Icon: {fileID: 0}
  m_NavMeshLayer: 0
  m_StaticEditorFlags: 0
  m_IsActive: 1
--- !u!4 &7917685375282555209
Transform:
  m_ObjectHideFlags: 0
  m_CorrespondingSourceObject: {fileID: 0}
  m_PrefabInstance: {fileID: 0}
  m_PrefabAsset: {fileID: 0}
  m_GameObject: {fileID: 4028388924000597757}
  m_LocalRotation: {x: 0, y: 0, z: 0, w: 1}
  m_LocalPosition: {x: 0.5, y: 0.5, z: 0.5}
  m_LocalScale: {x: 1, y: 1, z: 1}
  m_Children:
  - {fileID: 4254403454802343320}
  - {fileID: 660089572471113851}
  - {fileID: 5062365571203070425}
  - {fileID: 2200071954041722030}
  m_Father: {fileID: 4633103183080771265}
  m_RootOrder: 0
  m_LocalEulerAnglesHint: {x: 0, y: 0, z: 0}
--- !u!1 &8810909129531579070
GameObject:
  m_ObjectHideFlags: 0
  m_CorrespondingSourceObject: {fileID: 0}
  m_PrefabInstance: {fileID: 0}
  m_PrefabAsset: {fileID: 0}
  serializedVersion: 6
  m_Component:
  - component: {fileID: 4633103183080771265}
  - component: {fileID: 5026523388455274897}
  - component: {fileID: 2108099625723596631}
  m_Layer: 0
  m_Name: Inverter
  m_TagString: Untagged
  m_Icon: {fileID: 0}
  m_NavMeshLayer: 0
  m_StaticEditorFlags: 0
  m_IsActive: 1
--- !u!4 &4633103183080771265
Transform:
  m_ObjectHideFlags: 0
  m_CorrespondingSourceObject: {fileID: 0}
  m_PrefabInstance: {fileID: 0}
  m_PrefabAsset: {fileID: 0}
  m_GameObject: {fileID: 8810909129531579070}
  m_LocalRotation: {x: 0, y: 0, z: 0, w: 1}
  m_LocalPosition: {x: 0, y: 0, z: 0}
  m_LocalScale: {x: 1, y: 1, z: 1}
  m_Children:
  - {fileID: 7917685375282555209}
  m_Father: {fileID: 0}
  m_RootOrder: 0
  m_LocalEulerAnglesHint: {x: 0, y: 0, z: 0}
--- !u!114 &5026523388455274897
MonoBehaviour:
  m_ObjectHideFlags: 0
  m_CorrespondingSourceObject: {fileID: 0}
  m_PrefabInstance: {fileID: 0}
  m_PrefabAsset: {fileID: 0}
  m_GameObject: {fileID: 8810909129531579070}
  m_Enabled: 1
  m_EditorHideFlags: 0
  m_Script: {fileID: 11500000, guid: 4c3307379eacb1e4ea28b9285f924862, type: 3}
  m_Name: 
  m_EditorClassIdentifier: 
  _translationRoot: {fileID: 8810909129531579070}
  _rotationRoot: {fileID: 4028388924000597757}
  _orientable:
    ObjectField: {fileID: 355115504069498225}
    ResultType: 
  _gimbalCorrector: {fileID: 4351403530272384275}
  _inverter:
    ObjectField: {fileID: 2108099625723596631}
    ResultType: 
  _subParts:
  - ObjectField: {fileID: 7231053862897229685}
    ResultType: 
--- !u!114 &2108099625723596631
MonoBehaviour:
  m_ObjectHideFlags: 0
  m_CorrespondingSourceObject: {fileID: 0}
  m_PrefabInstance: {fileID: 0}
  m_PrefabAsset: {fileID: 0}
  m_GameObject: {fileID: 8810909129531579070}
  m_Enabled: 1
  m_EditorHideFlags: 0
  m_Script: {fileID: 11500000, guid: 9c3649622b4893740ba785a5046a83fc, type: 3}
  m_Name: 
  m_EditorClassIdentifier: 
  _receiver:
    ObjectField: {fileID: 4975445300329402403}
    ResultType: 
  _emitterContainer:
    ObjectField: {fileID: 5608354299182188311}
    ResultType: 
--- !u!1001 &771265824751983843
PrefabInstance:
  m_ObjectHideFlags: 0
  serializedVersion: 2
  m_Modification:
    m_TransformParent: {fileID: 2294745878259475029}
    m_Modifications:
    - target: {fileID: 1497565971984640786, guid: b824ccee476773a4f89e636aa3d15488,
        type: 3}
      propertyPath: m_LocalPosition.x
      value: 0
      objectReference: {fileID: 0}
    - target: {fileID: 1497565971984640786, guid: b824ccee476773a4f89e636aa3d15488,
        type: 3}
      propertyPath: m_LocalPosition.y
      value: 0
      objectReference: {fileID: 0}
    - target: {fileID: 1497565971984640786, guid: b824ccee476773a4f89e636aa3d15488,
        type: 3}
      propertyPath: m_LocalPosition.z
      value: 0
      objectReference: {fileID: 0}
    - target: {fileID: 1497565971984640786, guid: b824ccee476773a4f89e636aa3d15488,
        type: 3}
      propertyPath: m_LocalRotation.x
      value: 0
      objectReference: {fileID: 0}
    - target: {fileID: 1497565971984640786, guid: b824ccee476773a4f89e636aa3d15488,
        type: 3}
      propertyPath: m_LocalRotation.y
      value: 0
      objectReference: {fileID: 0}
    - target: {fileID: 1497565971984640786, guid: b824ccee476773a4f89e636aa3d15488,
        type: 3}
      propertyPath: m_LocalRotation.z
      value: 0
      objectReference: {fileID: 0}
    - target: {fileID: 1497565971984640786, guid: b824ccee476773a4f89e636aa3d15488,
        type: 3}
      propertyPath: m_LocalRotation.w
      value: 1
      objectReference: {fileID: 0}
    - target: {fileID: 1497565971984640786, guid: b824ccee476773a4f89e636aa3d15488,
        type: 3}
      propertyPath: m_RootOrder
      value: 1
      objectReference: {fileID: 0}
    - target: {fileID: 1497565971984640786, guid: b824ccee476773a4f89e636aa3d15488,
        type: 3}
      propertyPath: m_LocalEulerAnglesHint.x
      value: 0
      objectReference: {fileID: 0}
    - target: {fileID: 1497565971984640786, guid: b824ccee476773a4f89e636aa3d15488,
        type: 3}
      propertyPath: m_LocalEulerAnglesHint.y
      value: 0
      objectReference: {fileID: 0}
    - target: {fileID: 1497565971984640786, guid: b824ccee476773a4f89e636aa3d15488,
        type: 3}
      propertyPath: m_LocalEulerAnglesHint.z
      value: 0
      objectReference: {fileID: 0}
    - target: {fileID: 3237648820013425952, guid: b824ccee476773a4f89e636aa3d15488,
        type: 3}
      propertyPath: m_Name
      value: Emitter
      objectReference: {fileID: 0}
    m_RemovedComponents: []
  m_SourcePrefab: {fileID: 100100000, guid: b824ccee476773a4f89e636aa3d15488, type: 3}
--- !u!114 &5608354299182188311 stripped
MonoBehaviour:
  m_CorrespondingSourceObject: {fileID: 5143381989679143924, guid: b824ccee476773a4f89e636aa3d15488,
    type: 3}
  m_PrefabInstance: {fileID: 771265824751983843}
  m_PrefabAsset: {fileID: 0}
  m_GameObject: {fileID: 0}
  m_Enabled: 1
  m_EditorHideFlags: 0
  m_Script: {fileID: 11500000, guid: 0cbfd44580ab31f4a854699db80a3ec5, type: 3}
  m_Name: 
  m_EditorClassIdentifier: 
--- !u!1001 &1295509780789872152
PrefabInstance:
  m_ObjectHideFlags: 0
  serializedVersion: 2
  m_Modification:
    m_TransformParent: {fileID: 4254403454802343320}
    m_Modifications:
    - target: {fileID: -4216859302048453862, guid: 1ddebb6250ea0a4419450679af1165a2,
        type: 3}
      propertyPath: m_LocalPosition.x
      value: 0
      objectReference: {fileID: 0}
    - target: {fileID: -4216859302048453862, guid: 1ddebb6250ea0a4419450679af1165a2,
        type: 3}
      propertyPath: m_LocalPosition.y
      value: 0
      objectReference: {fileID: 0}
    - target: {fileID: -4216859302048453862, guid: 1ddebb6250ea0a4419450679af1165a2,
        type: 3}
      propertyPath: m_LocalPosition.z
      value: 0
      objectReference: {fileID: 0}
    - target: {fileID: -4216859302048453862, guid: 1ddebb6250ea0a4419450679af1165a2,
        type: 3}
      propertyPath: m_LocalRotation.x
      value: -0.7071068
      objectReference: {fileID: 0}
    - target: {fileID: -4216859302048453862, guid: 1ddebb6250ea0a4419450679af1165a2,
        type: 3}
      propertyPath: m_LocalRotation.y
      value: 0
      objectReference: {fileID: 0}
    - target: {fileID: -4216859302048453862, guid: 1ddebb6250ea0a4419450679af1165a2,
        type: 3}
      propertyPath: m_LocalRotation.z
      value: 0
      objectReference: {fileID: 0}
    - target: {fileID: -4216859302048453862, guid: 1ddebb6250ea0a4419450679af1165a2,
        type: 3}
      propertyPath: m_LocalRotation.w
      value: 0.7071068
      objectReference: {fileID: 0}
    - target: {fileID: -4216859302048453862, guid: 1ddebb6250ea0a4419450679af1165a2,
        type: 3}
      propertyPath: m_RootOrder
      value: 0
      objectReference: {fileID: 0}
    - target: {fileID: -4216859302048453862, guid: 1ddebb6250ea0a4419450679af1165a2,
        type: 3}
      propertyPath: m_LocalEulerAnglesHint.x
      value: -90
      objectReference: {fileID: 0}
    - target: {fileID: -4216859302048453862, guid: 1ddebb6250ea0a4419450679af1165a2,
        type: 3}
      propertyPath: m_LocalEulerAnglesHint.y
      value: 0
      objectReference: {fileID: 0}
    - target: {fileID: -4216859302048453862, guid: 1ddebb6250ea0a4419450679af1165a2,
        type: 3}
      propertyPath: m_LocalEulerAnglesHint.z
      value: 0
      objectReference: {fileID: 0}
    - target: {fileID: -4216859302048453862, guid: 1ddebb6250ea0a4419450679af1165a2,
        type: 3}
      propertyPath: m_LocalScale.y
      value: 0.7
      objectReference: {fileID: 0}
    - target: {fileID: -4216859302048453862, guid: 1ddebb6250ea0a4419450679af1165a2,
        type: 3}
      propertyPath: m_LocalScale.z
      value: 0.7
      objectReference: {fileID: 0}
    - target: {fileID: -4216859302048453862, guid: 1ddebb6250ea0a4419450679af1165a2,
        type: 3}
      propertyPath: m_LocalScale.x
      value: 0.7
      objectReference: {fileID: 0}
    - target: {fileID: -1504981713932161579, guid: 1ddebb6250ea0a4419450679af1165a2,
        type: 3}
      propertyPath: m_Materials.Array.data[0]
      value: 
      objectReference: {fileID: 2100000, guid: 6fa2beb4ed16b2e4bbd2abd002cbdabc, type: 2}
    - target: {fileID: -1504981713932161579, guid: 1ddebb6250ea0a4419450679af1165a2,
        type: 3}
      propertyPath: m_Materials.Array.data[1]
      value: 
      objectReference: {fileID: 2100000, guid: b9341a0abb728a446b3b879b49b15b93, type: 2}
    - target: {fileID: -927199367670048503, guid: 1ddebb6250ea0a4419450679af1165a2,
        type: 3}
      propertyPath: m_Name
      value: YinYang
      objectReference: {fileID: 0}
    m_RemovedComponents: []
  m_SourcePrefab: {fileID: 100100000, guid: 1ddebb6250ea0a4419450679af1165a2, type: 3}
--- !u!1001 &1308447437820698631
PrefabInstance:
  m_ObjectHideFlags: 0
  serializedVersion: 2
  m_Modification:
    m_TransformParent: {fileID: 5062365571203070425}
    m_Modifications:
    - target: {fileID: 2222539296565930164, guid: f3342fc4b5f3d874380561ec12da03e6,
        type: 3}
      propertyPath: m_LocalPosition.x
      value: 0
      objectReference: {fileID: 0}
    - target: {fileID: 2222539296565930164, guid: f3342fc4b5f3d874380561ec12da03e6,
        type: 3}
      propertyPath: m_LocalPosition.y
      value: 0
      objectReference: {fileID: 0}
    - target: {fileID: 2222539296565930164, guid: f3342fc4b5f3d874380561ec12da03e6,
        type: 3}
      propertyPath: m_LocalPosition.z
      value: 0
      objectReference: {fileID: 0}
    - target: {fileID: 2222539296565930164, guid: f3342fc4b5f3d874380561ec12da03e6,
        type: 3}
      propertyPath: m_LocalRotation.x
      value: -0
      objectReference: {fileID: 0}
    - target: {fileID: 2222539296565930164, guid: f3342fc4b5f3d874380561ec12da03e6,
        type: 3}
      propertyPath: m_LocalRotation.y
      value: -0
      objectReference: {fileID: 0}
    - target: {fileID: 2222539296565930164, guid: f3342fc4b5f3d874380561ec12da03e6,
        type: 3}
      propertyPath: m_LocalRotation.z
      value: -0
      objectReference: {fileID: 0}
    - target: {fileID: 2222539296565930164, guid: f3342fc4b5f3d874380561ec12da03e6,
        type: 3}
      propertyPath: m_LocalRotation.w
      value: 1
      objectReference: {fileID: 0}
    - target: {fileID: 2222539296565930164, guid: f3342fc4b5f3d874380561ec12da03e6,
        type: 3}
      propertyPath: m_RootOrder
      value: 0
      objectReference: {fileID: 0}
    - target: {fileID: 2222539296565930164, guid: f3342fc4b5f3d874380561ec12da03e6,
        type: 3}
      propertyPath: m_LocalEulerAnglesHint.x
      value: 0
      objectReference: {fileID: 0}
    - target: {fileID: 2222539296565930164, guid: f3342fc4b5f3d874380561ec12da03e6,
        type: 3}
      propertyPath: m_LocalEulerAnglesHint.y
      value: 0
      objectReference: {fileID: 0}
    - target: {fileID: 2222539296565930164, guid: f3342fc4b5f3d874380561ec12da03e6,
        type: 3}
      propertyPath: m_LocalEulerAnglesHint.z
      value: 0
      objectReference: {fileID: 0}
    - target: {fileID: 7274219888311760371, guid: f3342fc4b5f3d874380561ec12da03e6,
        type: 3}
      propertyPath: m_Name
      value: Rotatable
      objectReference: {fileID: 0}
    m_RemovedComponents: []
  m_SourcePrefab: {fileID: 100100000, guid: f3342fc4b5f3d874380561ec12da03e6, type: 3}
--- !u!4 &932387740840495283 stripped
Transform:
  m_CorrespondingSourceObject: {fileID: 2222539296565930164, guid: f3342fc4b5f3d874380561ec12da03e6,
    type: 3}
  m_PrefabInstance: {fileID: 1308447437820698631}
  m_PrefabAsset: {fileID: 0}
--- !u!114 &355115504069498225 stripped
MonoBehaviour:
  m_CorrespondingSourceObject: {fileID: 1640741451633096054, guid: f3342fc4b5f3d874380561ec12da03e6,
    type: 3}
  m_PrefabInstance: {fileID: 1308447437820698631}
  m_PrefabAsset: {fileID: 0}
  m_GameObject: {fileID: 0}
  m_Enabled: 1
  m_EditorHideFlags: 0
  m_Script: {fileID: 11500000, guid: c0e2143448bce9b439cd95f38567bc10, type: 3}
  m_Name: 
  m_EditorClassIdentifier: 
--- !u!4 &2294745878259475029 stripped
Transform:
  m_CorrespondingSourceObject: {fileID: 1004330432224821842, guid: f3342fc4b5f3d874380561ec12da03e6,
    type: 3}
  m_PrefabInstance: {fileID: 1308447437820698631}
  m_PrefabAsset: {fileID: 0}
--- !u!1001 &3462130029789367182
PrefabInstance:
  m_ObjectHideFlags: 0
  serializedVersion: 2
  m_Modification:
    m_TransformParent: {fileID: 7917685375282555209}
    m_Modifications:
    - target: {fileID: 4117115875207300085, guid: a0c0c376752e0ff4687b09dee72be1a5,
        type: 3}
      propertyPath: m_LocalPosition.x
      value: 0
      objectReference: {fileID: 0}
    - target: {fileID: 4117115875207300085, guid: a0c0c376752e0ff4687b09dee72be1a5,
        type: 3}
      propertyPath: m_LocalPosition.y
      value: 0
      objectReference: {fileID: 0}
    - target: {fileID: 4117115875207300085, guid: a0c0c376752e0ff4687b09dee72be1a5,
        type: 3}
      propertyPath: m_LocalPosition.z
      value: 0
      objectReference: {fileID: 0}
    - target: {fileID: 4117115875207300085, guid: a0c0c376752e0ff4687b09dee72be1a5,
        type: 3}
      propertyPath: m_LocalRotation.x
      value: 0
      objectReference: {fileID: 0}
    - target: {fileID: 4117115875207300085, guid: a0c0c376752e0ff4687b09dee72be1a5,
        type: 3}
      propertyPath: m_LocalRotation.y
      value: 0
      objectReference: {fileID: 0}
    - target: {fileID: 4117115875207300085, guid: a0c0c376752e0ff4687b09dee72be1a5,
        type: 3}
      propertyPath: m_LocalRotation.z
      value: 0
      objectReference: {fileID: 0}
    - target: {fileID: 4117115875207300085, guid: a0c0c376752e0ff4687b09dee72be1a5,
        type: 3}
      propertyPath: m_LocalRotation.w
      value: 1
      objectReference: {fileID: 0}
    - target: {fileID: 4117115875207300085, guid: a0c0c376752e0ff4687b09dee72be1a5,
        type: 3}
      propertyPath: m_RootOrder
      value: 1
      objectReference: {fileID: 0}
    - target: {fileID: 4117115875207300085, guid: a0c0c376752e0ff4687b09dee72be1a5,
        type: 3}
      propertyPath: m_LocalEulerAnglesHint.x
      value: 0
      objectReference: {fileID: 0}
    - target: {fileID: 4117115875207300085, guid: a0c0c376752e0ff4687b09dee72be1a5,
        type: 3}
      propertyPath: m_LocalEulerAnglesHint.y
      value: 0
      objectReference: {fileID: 0}
    - target: {fileID: 4117115875207300085, guid: a0c0c376752e0ff4687b09dee72be1a5,
        type: 3}
      propertyPath: m_LocalEulerAnglesHint.z
      value: 0
      objectReference: {fileID: 0}
    - target: {fileID: 5064367162772397818, guid: a0c0c376752e0ff4687b09dee72be1a5,
        type: 3}
      propertyPath: _enablable.ObjectField
      value: 
      objectReference: {fileID: 355115504069498225}
    - target: {fileID: 7256291365559057392, guid: a0c0c376752e0ff4687b09dee72be1a5,
        type: 3}
      propertyPath: m_Name
      value: Selection
      objectReference: {fileID: 0}
    m_RemovedComponents: []
  m_SourcePrefab: {fileID: 100100000, guid: a0c0c376752e0ff4687b09dee72be1a5, type: 3}
--- !u!4 &660089572471113851 stripped
Transform:
  m_CorrespondingSourceObject: {fileID: 4117115875207300085, guid: a0c0c376752e0ff4687b09dee72be1a5,
    type: 3}
  m_PrefabInstance: {fileID: 3462130029789367182}
  m_PrefabAsset: {fileID: 0}
--- !u!1001 &4871463943311067966
PrefabInstance:
  m_ObjectHideFlags: 0
  serializedVersion: 2
  m_Modification:
    m_TransformParent: {fileID: 7917685375282555209}
    m_Modifications:
    - target: {fileID: 422150957637825255, guid: 75cc3b852e9e3de4db520725d75f4e60,
        type: 3}
      propertyPath: m_LocalPosition.x
      value: 0
      objectReference: {fileID: 0}
    - target: {fileID: 422150957637825255, guid: 75cc3b852e9e3de4db520725d75f4e60,
        type: 3}
      propertyPath: m_LocalPosition.y
      value: 1
      objectReference: {fileID: 0}
    - target: {fileID: 422150957637825255, guid: 75cc3b852e9e3de4db520725d75f4e60,
        type: 3}
      propertyPath: m_LocalPosition.z
      value: 0
      objectReference: {fileID: 0}
    - target: {fileID: 422150957637825255, guid: 75cc3b852e9e3de4db520725d75f4e60,
        type: 3}
      propertyPath: m_LocalRotation.x
      value: -0
      objectReference: {fileID: 0}
    - target: {fileID: 422150957637825255, guid: 75cc3b852e9e3de4db520725d75f4e60,
        type: 3}
      propertyPath: m_LocalRotation.y
      value: -0
      objectReference: {fileID: 0}
    - target: {fileID: 422150957637825255, guid: 75cc3b852e9e3de4db520725d75f4e60,
        type: 3}
      propertyPath: m_LocalRotation.z
      value: -0
      objectReference: {fileID: 0}
    - target: {fileID: 422150957637825255, guid: 75cc3b852e9e3de4db520725d75f4e60,
        type: 3}
      propertyPath: m_LocalRotation.w
      value: 1
      objectReference: {fileID: 0}
    - target: {fileID: 422150957637825255, guid: 75cc3b852e9e3de4db520725d75f4e60,
        type: 3}
      propertyPath: m_RootOrder
      value: 2
      objectReference: {fileID: 0}
    - target: {fileID: 422150957637825255, guid: 75cc3b852e9e3de4db520725d75f4e60,
        type: 3}
      propertyPath: m_LocalEulerAnglesHint.x
      value: 0
      objectReference: {fileID: 0}
    - target: {fileID: 422150957637825255, guid: 75cc3b852e9e3de4db520725d75f4e60,
        type: 3}
      propertyPath: m_LocalEulerAnglesHint.y
      value: 0
      objectReference: {fileID: 0}
    - target: {fileID: 422150957637825255, guid: 75cc3b852e9e3de4db520725d75f4e60,
        type: 3}
      propertyPath: m_LocalEulerAnglesHint.z
      value: 0
      objectReference: {fileID: 0}
    - target: {fileID: 5319313889455718368, guid: 75cc3b852e9e3de4db520725d75f4e60,
        type: 3}
      propertyPath: m_Name
      value: GimbalCorrector
      objectReference: {fileID: 0}
    m_RemovedComponents: []
  m_SourcePrefab: {fileID: 100100000, guid: 75cc3b852e9e3de4db520725d75f4e60, type: 3}
--- !u!4 &5062365571203070425 stripped
Transform:
  m_CorrespondingSourceObject: {fileID: 422150957637825255, guid: 75cc3b852e9e3de4db520725d75f4e60,
    type: 3}
  m_PrefabInstance: {fileID: 4871463943311067966}
  m_PrefabAsset: {fileID: 0}
--- !u!114 &4351403530272384275 stripped
MonoBehaviour:
  m_CorrespondingSourceObject: {fileID: 9221578534570044973, guid: 75cc3b852e9e3de4db520725d75f4e60,
    type: 3}
  m_PrefabInstance: {fileID: 4871463943311067966}
  m_PrefabAsset: {fileID: 0}
  m_GameObject: {fileID: 0}
  m_Enabled: 1
  m_EditorHideFlags: 0
  m_Script: {fileID: 11500000, guid: 243e4456deb52464094e808b9fffc299, type: 3}
  m_Name: 
  m_EditorClassIdentifier: 
--- !u!1001 &6464931000005368869
PrefabInstance:
  m_ObjectHideFlags: 0
  serializedVersion: 2
  m_Modification:
    m_TransformParent: {fileID: 7917685375282555209}
    m_Modifications:
    - target: {fileID: 1918916255359971470, guid: 9a024b0a9444a2d49b788d213b13b29e,
        type: 3}
      propertyPath: m_Name
      value: FocusArea
      objectReference: {fileID: 0}
    - target: {fileID: 5129659026213161099, guid: 9a024b0a9444a2d49b788d213b13b29e,
        type: 3}
      propertyPath: m_LocalPosition.x
      value: 0
      objectReference: {fileID: 0}
    - target: {fileID: 5129659026213161099, guid: 9a024b0a9444a2d49b788d213b13b29e,
        type: 3}
      propertyPath: m_LocalPosition.y
      value: 0
      objectReference: {fileID: 0}
    - target: {fileID: 5129659026213161099, guid: 9a024b0a9444a2d49b788d213b13b29e,
        type: 3}
      propertyPath: m_LocalPosition.z
      value: 0
      objectReference: {fileID: 0}
    - target: {fileID: 5129659026213161099, guid: 9a024b0a9444a2d49b788d213b13b29e,
        type: 3}
      propertyPath: m_LocalRotation.x
      value: 0
      objectReference: {fileID: 0}
    - target: {fileID: 5129659026213161099, guid: 9a024b0a9444a2d49b788d213b13b29e,
        type: 3}
      propertyPath: m_LocalRotation.y
      value: 0
      objectReference: {fileID: 0}
    - target: {fileID: 5129659026213161099, guid: 9a024b0a9444a2d49b788d213b13b29e,
        type: 3}
      propertyPath: m_LocalRotation.z
      value: 0
      objectReference: {fileID: 0}
    - target: {fileID: 5129659026213161099, guid: 9a024b0a9444a2d49b788d213b13b29e,
        type: 3}
      propertyPath: m_LocalRotation.w
      value: 1
      objectReference: {fileID: 0}
    - target: {fileID: 5129659026213161099, guid: 9a024b0a9444a2d49b788d213b13b29e,
        type: 3}
      propertyPath: m_RootOrder
      value: 3
      objectReference: {fileID: 0}
    - target: {fileID: 5129659026213161099, guid: 9a024b0a9444a2d49b788d213b13b29e,
        type: 3}
      propertyPath: m_LocalEulerAnglesHint.x
      value: 0
      objectReference: {fileID: 0}
    - target: {fileID: 5129659026213161099, guid: 9a024b0a9444a2d49b788d213b13b29e,
        type: 3}
      propertyPath: m_LocalEulerAnglesHint.y
      value: 0
      objectReference: {fileID: 0}
    - target: {fileID: 5129659026213161099, guid: 9a024b0a9444a2d49b788d213b13b29e,
        type: 3}
      propertyPath: m_LocalEulerAnglesHint.z
      value: 0
      objectReference: {fileID: 0}
    - target: {fileID: 5422003922634141947, guid: 9a024b0a9444a2d49b788d213b13b29e,
        type: 3}
      propertyPath: m_LocalPosition.y
      value: 0
      objectReference: {fileID: 0}
    - target: {fileID: 5422003922634141947, guid: 9a024b0a9444a2d49b788d213b13b29e,
        type: 3}
      propertyPath: m_LocalScale.y
      value: 1
      objectReference: {fileID: 0}
    - target: {fileID: 9221791478864830601, guid: 9a024b0a9444a2d49b788d213b13b29e,
        type: 3}
      propertyPath: _focusTarget.ObjectField
      value: 
      objectReference: {fileID: 5026523388455274897}
    m_RemovedComponents: []
  m_SourcePrefab: {fileID: 100100000, guid: 9a024b0a9444a2d49b788d213b13b29e, type: 3}
--- !u!4 &2200071954041722030 stripped
Transform:
  m_CorrespondingSourceObject: {fileID: 5129659026213161099, guid: 9a024b0a9444a2d49b788d213b13b29e,
    type: 3}
  m_PrefabInstance: {fileID: 6464931000005368869}
  m_PrefabAsset: {fileID: 0}
--- !u!1001 &6465114101808699120
PrefabInstance:
  m_ObjectHideFlags: 0
  serializedVersion: 2
  m_Modification:
    m_TransformParent: {fileID: 7917685375282555209}
    m_Modifications:
    - target: {fileID: 5892829825399707271, guid: 5e812381757908e4d9b97c44602ba3a5,
        type: 3}
      propertyPath: m_Name
      value: Base
      objectReference: {fileID: 0}
    - target: {fileID: 7111780172660810600, guid: 5e812381757908e4d9b97c44602ba3a5,
        type: 3}
      propertyPath: m_LocalPosition.x
      value: 0
      objectReference: {fileID: 0}
    - target: {fileID: 7111780172660810600, guid: 5e812381757908e4d9b97c44602ba3a5,
        type: 3}
      propertyPath: m_LocalPosition.y
      value: 0
      objectReference: {fileID: 0}
    - target: {fileID: 7111780172660810600, guid: 5e812381757908e4d9b97c44602ba3a5,
        type: 3}
      propertyPath: m_LocalPosition.z
      value: 0
      objectReference: {fileID: 0}
    - target: {fileID: 7111780172660810600, guid: 5e812381757908e4d9b97c44602ba3a5,
        type: 3}
      propertyPath: m_LocalRotation.x
      value: -0
      objectReference: {fileID: 0}
    - target: {fileID: 7111780172660810600, guid: 5e812381757908e4d9b97c44602ba3a5,
        type: 3}
      propertyPath: m_LocalRotation.y
      value: -0
      objectReference: {fileID: 0}
    - target: {fileID: 7111780172660810600, guid: 5e812381757908e4d9b97c44602ba3a5,
        type: 3}
      propertyPath: m_LocalRotation.z
      value: -0
      objectReference: {fileID: 0}
    - target: {fileID: 7111780172660810600, guid: 5e812381757908e4d9b97c44602ba3a5,
        type: 3}
      propertyPath: m_LocalRotation.w
      value: 1
      objectReference: {fileID: 0}
    - target: {fileID: 7111780172660810600, guid: 5e812381757908e4d9b97c44602ba3a5,
        type: 3}
      propertyPath: m_RootOrder
      value: 0
      objectReference: {fileID: 0}
    - target: {fileID: 7111780172660810600, guid: 5e812381757908e4d9b97c44602ba3a5,
        type: 3}
      propertyPath: m_LocalEulerAnglesHint.x
      value: 0
      objectReference: {fileID: 0}
    - target: {fileID: 7111780172660810600, guid: 5e812381757908e4d9b97c44602ba3a5,
        type: 3}
      propertyPath: m_LocalEulerAnglesHint.y
      value: 0
      objectReference: {fileID: 0}
    - target: {fileID: 7111780172660810600, guid: 5e812381757908e4d9b97c44602ba3a5,
        type: 3}
      propertyPath: m_LocalEulerAnglesHint.z
      value: 0
      objectReference: {fileID: 0}
    m_RemovedComponents: []
  m_SourcePrefab: {fileID: 100100000, guid: 5e812381757908e4d9b97c44602ba3a5, type: 3}
--- !u!4 &4254403454802343320 stripped
Transform:
  m_CorrespondingSourceObject: {fileID: 7111780172660810600, guid: 5e812381757908e4d9b97c44602ba3a5,
    type: 3}
  m_PrefabInstance: {fileID: 6465114101808699120}
  m_PrefabAsset: {fileID: 0}
--- !u!1001 &6842195148514642317
PrefabInstance:
  m_ObjectHideFlags: 0
  serializedVersion: 2
  m_Modification:
    m_TransformParent: {fileID: 932387740840495283}
    m_Modifications:
    - target: {fileID: 239621933713163779, guid: 9ec7c92c68ba87646a23b1de8a888f81,
        type: 3}
      propertyPath: m_Name
      value: MonoReceiver
      objectReference: {fileID: 0}
    - target: {fileID: 5061783921323684377, guid: 9ec7c92c68ba87646a23b1de8a888f81,
        type: 3}
      propertyPath: m_LocalPosition.x
      value: 0
      objectReference: {fileID: 0}
    - target: {fileID: 5061783921323684377, guid: 9ec7c92c68ba87646a23b1de8a888f81,
        type: 3}
      propertyPath: m_LocalPosition.y
      value: 0
      objectReference: {fileID: 0}
    - target: {fileID: 5061783921323684377, guid: 9ec7c92c68ba87646a23b1de8a888f81,
        type: 3}
      propertyPath: m_LocalPosition.z
      value: 0
      objectReference: {fileID: 0}
    - target: {fileID: 5061783921323684377, guid: 9ec7c92c68ba87646a23b1de8a888f81,
        type: 3}
      propertyPath: m_LocalRotation.x
      value: -0
      objectReference: {fileID: 0}
    - target: {fileID: 5061783921323684377, guid: 9ec7c92c68ba87646a23b1de8a888f81,
        type: 3}
      propertyPath: m_LocalRotation.y
      value: -0
      objectReference: {fileID: 0}
    - target: {fileID: 5061783921323684377, guid: 9ec7c92c68ba87646a23b1de8a888f81,
        type: 3}
      propertyPath: m_LocalRotation.z
      value: -0
      objectReference: {fileID: 0}
    - target: {fileID: 5061783921323684377, guid: 9ec7c92c68ba87646a23b1de8a888f81,
        type: 3}
      propertyPath: m_LocalRotation.w
      value: 1
      objectReference: {fileID: 0}
    - target: {fileID: 5061783921323684377, guid: 9ec7c92c68ba87646a23b1de8a888f81,
        type: 3}
      propertyPath: m_RootOrder
      value: 1
      objectReference: {fileID: 0}
    - target: {fileID: 5061783921323684377, guid: 9ec7c92c68ba87646a23b1de8a888f81,
        type: 3}
      propertyPath: m_LocalEulerAnglesHint.x
      value: 0
      objectReference: {fileID: 0}
    - target: {fileID: 5061783921323684377, guid: 9ec7c92c68ba87646a23b1de8a888f81,
        type: 3}
      propertyPath: m_LocalEulerAnglesHint.y
      value: 0
      objectReference: {fileID: 0}
    - target: {fileID: 5061783921323684377, guid: 9ec7c92c68ba87646a23b1de8a888f81,
        type: 3}
      propertyPath: m_LocalEulerAnglesHint.z
      value: 0
      objectReference: {fileID: 0}
    m_RemovedComponents: []
  m_SourcePrefab: {fileID: 100100000, guid: 9ec7c92c68ba87646a23b1de8a888f81, type: 3}
--- !u!114 &4975445300329402403 stripped
MonoBehaviour:
  m_CorrespondingSourceObject: {fileID: 2015370865530149294, guid: 9ec7c92c68ba87646a23b1de8a888f81,
    type: 3}
  m_PrefabInstance: {fileID: 6842195148514642317}
  m_PrefabAsset: {fileID: 0}
  m_GameObject: {fileID: 0}
  m_Enabled: 1
  m_EditorHideFlags: 0
  m_Script: {fileID: 11500000, guid: 7740cc48dee15864f8b8044902c65554, type: 3}
  m_Name: 
  m_EditorClassIdentifier: 
--- !u!114 &7231053862897229685 stripped
MonoBehaviour:
  m_CorrespondingSourceObject: {fileID: 4228177536773347064, guid: 9ec7c92c68ba87646a23b1de8a888f81,
    type: 3}
  m_PrefabInstance: {fileID: 6842195148514642317}
  m_PrefabAsset: {fileID: 0}
  m_GameObject: {fileID: 0}
  m_Enabled: 1
  m_EditorHideFlags: 0
  m_Script: {fileID: 11500000, guid: d0c19cca4a0b15e488bd5f87cc47499b, type: 3}
  m_Name: 
  m_EditorClassIdentifier: 
