%YAML 1.1
%TAG !u! tag:unity3d.com,2011:
--- !u!1 &188410369354549342
GameObject:
  m_ObjectHideFlags: 0
  m_CorrespondingSourceObject: {fileID: 0}
  m_PrefabInstance: {fileID: 0}
  m_PrefabAsset: {fileID: 0}
  serializedVersion: 6
  m_Component:
  - component: {fileID: 1838798209776823776}
  - component: {fileID: 6042652258690056235}
  m_Layer: 0
  m_Name: Popup
  m_TagString: Untagged
  m_Icon: {fileID: 0}
  m_NavMeshLayer: 0
  m_StaticEditorFlags: 0
  m_IsActive: 1
--- !u!224 &1838798209776823776
RectTransform:
  m_ObjectHideFlags: 0
  m_CorrespondingSourceObject: {fileID: 0}
  m_PrefabInstance: {fileID: 0}
  m_PrefabAsset: {fileID: 0}
  m_GameObject: {fileID: 188410369354549342}
  m_LocalRotation: {x: -0, y: -0, z: -0, w: 1}
  m_LocalPosition: {x: 0, y: 0, z: 0}
  m_LocalScale: {x: 1, y: 1, z: 1}
  m_ConstrainProportionsScale: 0
  m_Children:
  - {fileID: 5316125650249101371}
  m_Father: {fileID: 1498552428654664245}
  m_RootOrder: 2
  m_LocalEulerAnglesHint: {x: 0, y: 0, z: 0}
  m_AnchorMin: {x: 0, y: 0}
  m_AnchorMax: {x: 1, y: 1}
  m_AnchoredPosition: {x: 0, y: 0}
  m_SizeDelta: {x: -180, y: -180}
  m_Pivot: {x: 0.5, y: 0.5}
--- !u!222 &6042652258690056235
CanvasRenderer:
  m_ObjectHideFlags: 0
  m_CorrespondingSourceObject: {fileID: 0}
  m_PrefabInstance: {fileID: 0}
  m_PrefabAsset: {fileID: 0}
  m_GameObject: {fileID: 188410369354549342}
  m_CullTransparentMesh: 0
--- !u!1 &1319936532777574433
GameObject:
  m_ObjectHideFlags: 0
  m_CorrespondingSourceObject: {fileID: 0}
  m_PrefabInstance: {fileID: 0}
  m_PrefabAsset: {fileID: 0}
  serializedVersion: 6
  m_Component:
  - component: {fileID: 5480393551133438269}
  - component: {fileID: 7256986727549968357}
  - component: {fileID: 9061315046795180826}
  m_Layer: 0
  m_Name: Mask
  m_TagString: Untagged
  m_Icon: {fileID: 0}
  m_NavMeshLayer: 0
  m_StaticEditorFlags: 0
  m_IsActive: 1
--- !u!224 &5480393551133438269
RectTransform:
  m_ObjectHideFlags: 0
  m_CorrespondingSourceObject: {fileID: 0}
  m_PrefabInstance: {fileID: 0}
  m_PrefabAsset: {fileID: 0}
  m_GameObject: {fileID: 1319936532777574433}
  m_LocalRotation: {x: 0, y: 0, z: 0, w: 1}
  m_LocalPosition: {x: 0, y: 0, z: 0}
  m_LocalScale: {x: 1, y: 1, z: 1}
  m_ConstrainProportionsScale: 0
  m_Children: []
  m_Father: {fileID: 1498552428654664245}
  m_RootOrder: 1
  m_LocalEulerAnglesHint: {x: 0, y: 0, z: 0}
  m_AnchorMin: {x: 0, y: 0}
  m_AnchorMax: {x: 1, y: 1}
  m_AnchoredPosition: {x: 0, y: 0}
  m_SizeDelta: {x: 0, y: 0}
  m_Pivot: {x: 0.5, y: 0.5}
--- !u!222 &7256986727549968357
CanvasRenderer:
  m_ObjectHideFlags: 0
  m_CorrespondingSourceObject: {fileID: 0}
  m_PrefabInstance: {fileID: 0}
  m_PrefabAsset: {fileID: 0}
  m_GameObject: {fileID: 1319936532777574433}
  m_CullTransparentMesh: 1
--- !u!114 &9061315046795180826
MonoBehaviour:
  m_ObjectHideFlags: 0
  m_CorrespondingSourceObject: {fileID: 0}
  m_PrefabInstance: {fileID: 0}
  m_PrefabAsset: {fileID: 0}
  m_GameObject: {fileID: 1319936532777574433}
  m_Enabled: 1
  m_EditorHideFlags: 0
  m_Script: {fileID: 11500000, guid: fe87c0e1cc204ed48ad3b37840f39efc, type: 3}
  m_Name: 
  m_EditorClassIdentifier: 
  m_Material: {fileID: 0}
  m_Color: {r: 0, g: 0, b: 0, a: 0.5019608}
  m_RaycastTarget: 1
  m_RaycastPadding: {x: 0, y: 0, z: 0, w: 0}
  m_Maskable: 1
  m_OnCullStateChanged:
    m_PersistentCalls:
      m_Calls: []
  m_Sprite: {fileID: 21300000, guid: ed2d7bd5ba231fb4f86af19afe0af7e7, type: 3}
  m_Type: 0
  m_PreserveAspect: 1
  m_FillCenter: 1
  m_FillMethod: 4
  m_FillAmount: 1
  m_FillClockwise: 1
  m_FillOrigin: 0
  m_UseSpriteMesh: 0
  m_PixelsPerUnitMultiplier: 1
--- !u!1 &1326371405350763436
GameObject:
  m_ObjectHideFlags: 0
  m_CorrespondingSourceObject: {fileID: 0}
  m_PrefabInstance: {fileID: 0}
  m_PrefabAsset: {fileID: 0}
  serializedVersion: 6
  m_Component:
  - component: {fileID: 8948184560464607877}
  - component: {fileID: 7792754242859371777}
  m_Layer: 0
  m_Name: Quote
  m_TagString: Untagged
  m_Icon: {fileID: 0}
  m_NavMeshLayer: 0
  m_StaticEditorFlags: 0
  m_IsActive: 1
--- !u!224 &8948184560464607877
RectTransform:
  m_ObjectHideFlags: 0
  m_CorrespondingSourceObject: {fileID: 0}
  m_PrefabInstance: {fileID: 0}
  m_PrefabAsset: {fileID: 0}
  m_GameObject: {fileID: 1326371405350763436}
  m_LocalRotation: {x: 0, y: 0, z: 0, w: 1}
  m_LocalPosition: {x: 0, y: 0, z: 0}
  m_LocalScale: {x: 1, y: 1, z: 1}
  m_ConstrainProportionsScale: 0
  m_Children:
  - {fileID: 5393950067036531904}
  m_Father: {fileID: 5316125650249101371}
  m_RootOrder: 2
  m_LocalEulerAnglesHint: {x: 0, y: 0, z: 0}
  m_AnchorMin: {x: 0, y: 0}
  m_AnchorMax: {x: 1, y: 1}
  m_AnchoredPosition: {x: 0, y: 0}
  m_SizeDelta: {x: -150, y: -150}
  m_Pivot: {x: 0.5, y: 0.5}
--- !u!222 &7792754242859371777
CanvasRenderer:
  m_ObjectHideFlags: 0
  m_CorrespondingSourceObject: {fileID: 0}
  m_PrefabInstance: {fileID: 0}
  m_PrefabAsset: {fileID: 0}
  m_GameObject: {fileID: 1326371405350763436}
  m_CullTransparentMesh: 0
--- !u!1 &2520334244773718182
GameObject:
  m_ObjectHideFlags: 0
  m_CorrespondingSourceObject: {fileID: 0}
  m_PrefabInstance: {fileID: 0}
  m_PrefabAsset: {fileID: 0}
  serializedVersion: 6
  m_Component:
  - component: {fileID: 7313216437230241825}
  - component: {fileID: 3500961529021865754}
  m_Layer: 0
  m_Name: Id
  m_TagString: Untagged
  m_Icon: {fileID: 0}
  m_NavMeshLayer: 0
  m_StaticEditorFlags: 0
  m_IsActive: 0
--- !u!224 &7313216437230241825
RectTransform:
  m_ObjectHideFlags: 0
  m_CorrespondingSourceObject: {fileID: 0}
  m_PrefabInstance: {fileID: 0}
  m_PrefabAsset: {fileID: 0}
  m_GameObject: {fileID: 2520334244773718182}
  m_LocalRotation: {x: 0, y: 0, z: 0, w: 1}
  m_LocalPosition: {x: 0, y: 0, z: 0}
  m_LocalScale: {x: 1, y: 1, z: 1}
  m_ConstrainProportionsScale: 0
  m_Children:
  - {fileID: 8271310586755577402}
  m_Father: {fileID: 5316125650249101371}
  m_RootOrder: 1
  m_LocalEulerAnglesHint: {x: 0, y: 0, z: 0}
  m_AnchorMin: {x: 0, y: 1}
  m_AnchorMax: {x: 1, y: 1}
  m_AnchoredPosition: {x: 0, y: -105}
  m_SizeDelta: {x: -30, y: 75}
  m_Pivot: {x: 0.5, y: 1}
--- !u!222 &3500961529021865754
CanvasRenderer:
  m_ObjectHideFlags: 0
  m_CorrespondingSourceObject: {fileID: 0}
  m_PrefabInstance: {fileID: 0}
  m_PrefabAsset: {fileID: 0}
  m_GameObject: {fileID: 2520334244773718182}
  m_CullTransparentMesh: 0
--- !u!1 &5387494836342102417
GameObject:
  m_ObjectHideFlags: 0
  m_CorrespondingSourceObject: {fileID: 0}
  m_PrefabInstance: {fileID: 0}
  m_PrefabAsset: {fileID: 0}
  serializedVersion: 6
  m_Component:
  - component: {fileID: 5387494836342102416}
  - component: {fileID: 5387494836342102418}
  - component: {fileID: 1149284785445922150}
  m_Layer: 0
  m_Name: VictoryPanel
  m_TagString: Untagged
  m_Icon: {fileID: 0}
  m_NavMeshLayer: 0
  m_StaticEditorFlags: 0
  m_IsActive: 1
--- !u!224 &5387494836342102416
RectTransform:
  m_ObjectHideFlags: 0
  m_CorrespondingSourceObject: {fileID: 0}
  m_PrefabInstance: {fileID: 0}
  m_PrefabAsset: {fileID: 0}
  m_GameObject: {fileID: 5387494836342102417}
  m_LocalRotation: {x: 0, y: 0, z: 0, w: 1}
  m_LocalPosition: {x: 0, y: 0, z: 0}
  m_LocalScale: {x: 1, y: 1, z: 1}
  m_ConstrainProportionsScale: 0
  m_Children:
  - {fileID: 1498552428654664245}
  m_Father: {fileID: 0}
  m_RootOrder: 0
  m_LocalEulerAnglesHint: {x: 0, y: 0, z: 0}
  m_AnchorMin: {x: 0, y: 0}
  m_AnchorMax: {x: 1, y: 1}
  m_AnchoredPosition: {x: 0, y: 0}
  m_SizeDelta: {x: 0, y: 0}
  m_Pivot: {x: 0.5, y: 0.5}
--- !u!222 &5387494836342102418
CanvasRenderer:
  m_ObjectHideFlags: 0
  m_CorrespondingSourceObject: {fileID: 0}
  m_PrefabInstance: {fileID: 0}
  m_PrefabAsset: {fileID: 0}
  m_GameObject: {fileID: 5387494836342102417}
  m_CullTransparentMesh: 0
--- !u!114 &1149284785445922150
MonoBehaviour:
  m_ObjectHideFlags: 0
  m_CorrespondingSourceObject: {fileID: 0}
  m_PrefabInstance: {fileID: 0}
  m_PrefabAsset: {fileID: 0}
  m_GameObject: {fileID: 5387494836342102417}
  m_Enabled: 1
  m_EditorHideFlags: 0
  m_Script: {fileID: 11500000, guid: 87447bf46044dae47ad8613d76ef16f0, type: 3}
  m_Name: 
  m_EditorClassIdentifier: 
  _panelRoot: {fileID: 7788480530786630732}
  _backToMenuButton: {fileID: 506382535269914092}
  _victoryQuote: {fileID: 5953621564798624076}
  _levelName: {fileID: 2099815042881364152}
  _levelId: {fileID: 7677849440962165686}
  _canvasGroup: {fileID: 97567207080347625}
  _fadeCurve:
    serializedVersion: 2
    m_Curve:
    - serializedVersion: 3
      time: 0
      value: 0
      inSlope: 0
      outSlope: 0
      tangentMode: 0
      weightedMode: 0
      inWeight: 0
      outWeight: 0
    - serializedVersion: 3
      time: 1
      value: 1
      inSlope: 0
      outSlope: 0
      tangentMode: 0
      weightedMode: 0
      inWeight: 0
      outWeight: 0
    m_PreInfinity: 2
    m_PostInfinity: 2
    m_RotationOrder: 4
  _fadeDuration: 0.4
--- !u!1 &5753301716551072184
GameObject:
  m_ObjectHideFlags: 0
  m_CorrespondingSourceObject: {fileID: 0}
  m_PrefabInstance: {fileID: 0}
  m_PrefabAsset: {fileID: 0}
  serializedVersion: 6
  m_Component:
  - component: {fileID: 1604732319087079176}
  - component: {fileID: 5749963129211502456}
  m_Layer: 0
  m_Name: Name
  m_TagString: Untagged
  m_Icon: {fileID: 0}
  m_NavMeshLayer: 0
  m_StaticEditorFlags: 0
  m_IsActive: 1
--- !u!224 &1604732319087079176
RectTransform:
  m_ObjectHideFlags: 0
  m_CorrespondingSourceObject: {fileID: 0}
  m_PrefabInstance: {fileID: 0}
  m_PrefabAsset: {fileID: 0}
  m_GameObject: {fileID: 5753301716551072184}
  m_LocalRotation: {x: 0, y: 0, z: 0, w: 1}
  m_LocalPosition: {x: 0, y: 0, z: 0}
  m_LocalScale: {x: 1, y: 1, z: 1}
  m_ConstrainProportionsScale: 0
  m_Children:
  - {fileID: 387486465005874484}
  m_Father: {fileID: 5316125650249101371}
  m_RootOrder: 0
  m_LocalEulerAnglesHint: {x: 0, y: 0, z: 0}
  m_AnchorMin: {x: 0, y: 1}
  m_AnchorMax: {x: 1, y: 1}
  m_AnchoredPosition: {x: 0, y: 0}
  m_SizeDelta: {x: 0, y: 75}
  m_Pivot: {x: 0.5, y: 1}
--- !u!222 &5749963129211502456
CanvasRenderer:
  m_ObjectHideFlags: 0
  m_CorrespondingSourceObject: {fileID: 0}
  m_PrefabInstance: {fileID: 0}
  m_PrefabAsset: {fileID: 0}
  m_GameObject: {fileID: 5753301716551072184}
  m_CullTransparentMesh: 0
--- !u!1 &7160374026696852762
GameObject:
  m_ObjectHideFlags: 0
  m_CorrespondingSourceObject: {fileID: 0}
  m_PrefabInstance: {fileID: 0}
  m_PrefabAsset: {fileID: 0}
  serializedVersion: 6
  m_Component:
  - component: {fileID: 322342890115814124}
  - component: {fileID: 64076638162283407}
  - component: {fileID: 2678946519697629009}
  m_Layer: 0
  m_Name: ChromazeLogo
  m_TagString: Untagged
  m_Icon: {fileID: 0}
  m_NavMeshLayer: 0
  m_StaticEditorFlags: 0
  m_IsActive: 1
--- !u!224 &322342890115814124
RectTransform:
  m_ObjectHideFlags: 0
  m_CorrespondingSourceObject: {fileID: 0}
  m_PrefabInstance: {fileID: 0}
  m_PrefabAsset: {fileID: 0}
  m_GameObject: {fileID: 7160374026696852762}
  m_LocalRotation: {x: -0, y: -0, z: -0, w: 1}
  m_LocalPosition: {x: 0, y: 0, z: 0}
  m_LocalScale: {x: 1, y: 1, z: 1}
  m_ConstrainProportionsScale: 0
  m_Children: []
  m_Father: {fileID: 1498552428654664245}
  m_RootOrder: 0
  m_LocalEulerAnglesHint: {x: 0, y: 0, z: 0}
  m_AnchorMin: {x: 0, y: 0}
  m_AnchorMax: {x: 1, y: 1}
  m_AnchoredPosition: {x: 0, y: 0}
  m_SizeDelta: {x: -80, y: -80}
  m_Pivot: {x: 0.5, y: 0.5}
--- !u!222 &64076638162283407
CanvasRenderer:
  m_ObjectHideFlags: 0
  m_CorrespondingSourceObject: {fileID: 0}
  m_PrefabInstance: {fileID: 0}
  m_PrefabAsset: {fileID: 0}
  m_GameObject: {fileID: 7160374026696852762}
  m_CullTransparentMesh: 1
--- !u!114 &2678946519697629009
MonoBehaviour:
  m_ObjectHideFlags: 0
  m_CorrespondingSourceObject: {fileID: 0}
  m_PrefabInstance: {fileID: 0}
  m_PrefabAsset: {fileID: 0}
  m_GameObject: {fileID: 7160374026696852762}
  m_Enabled: 1
  m_EditorHideFlags: 0
  m_Script: {fileID: 11500000, guid: fe87c0e1cc204ed48ad3b37840f39efc, type: 3}
  m_Name: 
  m_EditorClassIdentifier: 
  m_Material: {fileID: 0}
  m_Color: {r: 1, g: 1, b: 1, a: 0.8784314}
  m_RaycastTarget: 1
  m_RaycastPadding: {x: 0, y: 0, z: 0, w: 0}
  m_Maskable: 1
  m_OnCullStateChanged:
    m_PersistentCalls:
      m_Calls: []
  m_Sprite: {fileID: 21300000, guid: ab649072eae7d7949aeb58f14fb34a67, type: 3}
  m_Type: 0
  m_PreserveAspect: 1
  m_FillCenter: 1
  m_FillMethod: 4
  m_FillAmount: 1
  m_FillClockwise: 1
  m_FillOrigin: 0
  m_UseSpriteMesh: 0
  m_PixelsPerUnitMultiplier: 1
--- !u!1 &7788480530786630732
GameObject:
  m_ObjectHideFlags: 0
  m_CorrespondingSourceObject: {fileID: 0}
  m_PrefabInstance: {fileID: 0}
  m_PrefabAsset: {fileID: 0}
  serializedVersion: 6
  m_Component:
  - component: {fileID: 1498552428654664245}
  - component: {fileID: 6802537290819721027}
  - component: {fileID: 3297750887426380362}
  - component: {fileID: 97567207080347625}
  m_Layer: 0
  m_Name: Panel
  m_TagString: Untagged
  m_Icon: {fileID: 0}
  m_NavMeshLayer: 0
  m_StaticEditorFlags: 0
  m_IsActive: 1
--- !u!224 &1498552428654664245
RectTransform:
  m_ObjectHideFlags: 0
  m_CorrespondingSourceObject: {fileID: 0}
  m_PrefabInstance: {fileID: 0}
  m_PrefabAsset: {fileID: 0}
  m_GameObject: {fileID: 7788480530786630732}
  m_LocalRotation: {x: 0, y: 0, z: 0, w: 1}
  m_LocalPosition: {x: 0, y: 0, z: 0}
  m_LocalScale: {x: 1, y: 1, z: 1}
  m_ConstrainProportionsScale: 0
  m_Children:
  - {fileID: 322342890115814124}
  - {fileID: 5480393551133438269}
  - {fileID: 1838798209776823776}
  m_Father: {fileID: 5387494836342102416}
  m_RootOrder: 0
  m_LocalEulerAnglesHint: {x: 0, y: 0, z: 0}
  m_AnchorMin: {x: 0, y: 0}
  m_AnchorMax: {x: 1, y: 1}
  m_AnchoredPosition: {x: 0, y: 0}
  m_SizeDelta: {x: 0, y: 0}
  m_Pivot: {x: 0.5, y: 0.5}
--- !u!222 &6802537290819721027
CanvasRenderer:
  m_ObjectHideFlags: 0
  m_CorrespondingSourceObject: {fileID: 0}
  m_PrefabInstance: {fileID: 0}
  m_PrefabAsset: {fileID: 0}
  m_GameObject: {fileID: 7788480530786630732}
  m_CullTransparentMesh: 0
--- !u!114 &3297750887426380362
MonoBehaviour:
  m_ObjectHideFlags: 0
  m_CorrespondingSourceObject: {fileID: 0}
  m_PrefabInstance: {fileID: 0}
  m_PrefabAsset: {fileID: 0}
  m_GameObject: {fileID: 7788480530786630732}
  m_Enabled: 0
  m_EditorHideFlags: 0
  m_Script: {fileID: 11500000, guid: fe87c0e1cc204ed48ad3b37840f39efc, type: 3}
  m_Name: 
  m_EditorClassIdentifier: 
  m_Material: {fileID: 0}
  m_Color: {r: 0, g: 0, b: 0, a: 1}
  m_RaycastTarget: 1
  m_RaycastPadding: {x: 0, y: 0, z: 0, w: 0}
  m_Maskable: 1
  m_OnCullStateChanged:
    m_PersistentCalls:
      m_Calls: []
  m_Sprite: {fileID: 21300000, guid: 53d82d2a563893146beddef35469a0ed, type: 3}
  m_Type: 0
  m_PreserveAspect: 0
  m_FillCenter: 1
  m_FillMethod: 4
  m_FillAmount: 1
  m_FillClockwise: 1
  m_FillOrigin: 0
  m_UseSpriteMesh: 0
  m_PixelsPerUnitMultiplier: 1
--- !u!225 &97567207080347625
CanvasGroup:
  m_ObjectHideFlags: 0
  m_CorrespondingSourceObject: {fileID: 0}
  m_PrefabInstance: {fileID: 0}
  m_PrefabAsset: {fileID: 0}
  m_GameObject: {fileID: 7788480530786630732}
  m_Enabled: 1
  m_Alpha: 1
  m_Interactable: 1
  m_BlocksRaycasts: 1
  m_IgnoreParentGroups: 0
--- !u!1 &8016447913854078142
GameObject:
  m_ObjectHideFlags: 0
  m_CorrespondingSourceObject: {fileID: 0}
  m_PrefabInstance: {fileID: 0}
  m_PrefabAsset: {fileID: 0}
  serializedVersion: 6
  m_Component:
  - component: {fileID: 5316125650249101371}
  - component: {fileID: 754871145248353987}
  m_Layer: 0
  m_Name: LevelInfo
  m_TagString: Untagged
  m_Icon: {fileID: 0}
  m_NavMeshLayer: 0
  m_StaticEditorFlags: 0
  m_IsActive: 1
--- !u!224 &5316125650249101371
RectTransform:
  m_ObjectHideFlags: 0
  m_CorrespondingSourceObject: {fileID: 0}
  m_PrefabInstance: {fileID: 0}
  m_PrefabAsset: {fileID: 0}
  m_GameObject: {fileID: 8016447913854078142}
  m_LocalRotation: {x: 0, y: 0, z: 0, w: 1}
  m_LocalPosition: {x: 0, y: 0, z: 0}
  m_LocalScale: {x: 1, y: 1, z: 1}
  m_ConstrainProportionsScale: 0
  m_Children:
  - {fileID: 1604732319087079176}
  - {fileID: 7313216437230241825}
  - {fileID: 8948184560464607877}
  - {fileID: 3564592892415596050}
  m_Father: {fileID: 1838798209776823776}
  m_RootOrder: 0
  m_LocalEulerAnglesHint: {x: 0, y: 0, z: 0}
  m_AnchorMin: {x: 0, y: 0}
  m_AnchorMax: {x: 1, y: 1}
  m_AnchoredPosition: {x: 0, y: 0}
  m_SizeDelta: {x: 0, y: 0}
  m_Pivot: {x: 0.5, y: 0.5}
--- !u!222 &754871145248353987
CanvasRenderer:
  m_ObjectHideFlags: 0
  m_CorrespondingSourceObject: {fileID: 0}
  m_PrefabInstance: {fileID: 0}
  m_PrefabAsset: {fileID: 0}
  m_GameObject: {fileID: 8016447913854078142}
  m_CullTransparentMesh: 0
--- !u!1001 &2931372030590744939
PrefabInstance:
  m_ObjectHideFlags: 0
  serializedVersion: 2
  m_Modification:
    m_TransformParent: {fileID: 1604732319087079176}
    m_Modifications:
    - target: {fileID: 3300843546999919711, guid: 38549bababc649b42bc4310dd0ed91da,
        type: 3}
      propertyPath: m_Pivot.x
      value: 0.5
      objectReference: {fileID: 0}
    - target: {fileID: 3300843546999919711, guid: 38549bababc649b42bc4310dd0ed91da,
        type: 3}
      propertyPath: m_Pivot.y
      value: 0.5
      objectReference: {fileID: 0}
    - target: {fileID: 3300843546999919711, guid: 38549bababc649b42bc4310dd0ed91da,
        type: 3}
      propertyPath: m_RootOrder
      value: 0
      objectReference: {fileID: 0}
    - target: {fileID: 3300843546999919711, guid: 38549bababc649b42bc4310dd0ed91da,
        type: 3}
      propertyPath: m_AnchorMax.x
      value: 1
      objectReference: {fileID: 0}
    - target: {fileID: 3300843546999919711, guid: 38549bababc649b42bc4310dd0ed91da,
        type: 3}
      propertyPath: m_AnchorMax.y
      value: 1
      objectReference: {fileID: 0}
    - target: {fileID: 3300843546999919711, guid: 38549bababc649b42bc4310dd0ed91da,
        type: 3}
      propertyPath: m_AnchorMin.x
      value: 0
      objectReference: {fileID: 0}
    - target: {fileID: 3300843546999919711, guid: 38549bababc649b42bc4310dd0ed91da,
        type: 3}
      propertyPath: m_AnchorMin.y
      value: 0
      objectReference: {fileID: 0}
    - target: {fileID: 3300843546999919711, guid: 38549bababc649b42bc4310dd0ed91da,
        type: 3}
      propertyPath: m_SizeDelta.x
      value: 0
      objectReference: {fileID: 0}
    - target: {fileID: 3300843546999919711, guid: 38549bababc649b42bc4310dd0ed91da,
        type: 3}
      propertyPath: m_SizeDelta.y
      value: 0
      objectReference: {fileID: 0}
    - target: {fileID: 3300843546999919711, guid: 38549bababc649b42bc4310dd0ed91da,
        type: 3}
      propertyPath: m_LocalPosition.x
      value: 0
      objectReference: {fileID: 0}
    - target: {fileID: 3300843546999919711, guid: 38549bababc649b42bc4310dd0ed91da,
        type: 3}
      propertyPath: m_LocalPosition.y
      value: 0
      objectReference: {fileID: 0}
    - target: {fileID: 3300843546999919711, guid: 38549bababc649b42bc4310dd0ed91da,
        type: 3}
      propertyPath: m_LocalPosition.z
      value: 0
      objectReference: {fileID: 0}
    - target: {fileID: 3300843546999919711, guid: 38549bababc649b42bc4310dd0ed91da,
        type: 3}
      propertyPath: m_LocalRotation.w
      value: 1
      objectReference: {fileID: 0}
    - target: {fileID: 3300843546999919711, guid: 38549bababc649b42bc4310dd0ed91da,
        type: 3}
      propertyPath: m_LocalRotation.x
      value: -0
      objectReference: {fileID: 0}
    - target: {fileID: 3300843546999919711, guid: 38549bababc649b42bc4310dd0ed91da,
        type: 3}
      propertyPath: m_LocalRotation.y
      value: -0
      objectReference: {fileID: 0}
    - target: {fileID: 3300843546999919711, guid: 38549bababc649b42bc4310dd0ed91da,
        type: 3}
      propertyPath: m_LocalRotation.z
      value: -0
      objectReference: {fileID: 0}
    - target: {fileID: 3300843546999919711, guid: 38549bababc649b42bc4310dd0ed91da,
        type: 3}
      propertyPath: m_AnchoredPosition.x
      value: 0
      objectReference: {fileID: 0}
    - target: {fileID: 3300843546999919711, guid: 38549bababc649b42bc4310dd0ed91da,
        type: 3}
      propertyPath: m_AnchoredPosition.y
      value: 0
      objectReference: {fileID: 0}
    - target: {fileID: 3300843546999919711, guid: 38549bababc649b42bc4310dd0ed91da,
        type: 3}
      propertyPath: m_LocalEulerAnglesHint.x
      value: 0
      objectReference: {fileID: 0}
    - target: {fileID: 3300843546999919711, guid: 38549bababc649b42bc4310dd0ed91da,
        type: 3}
      propertyPath: m_LocalEulerAnglesHint.y
      value: 0
      objectReference: {fileID: 0}
    - target: {fileID: 3300843546999919711, guid: 38549bababc649b42bc4310dd0ed91da,
        type: 3}
      propertyPath: m_LocalEulerAnglesHint.z
      value: 0
      objectReference: {fileID: 0}
    - target: {fileID: 3857994932469324243, guid: 38549bababc649b42bc4310dd0ed91da,
        type: 3}
      propertyPath: m_text
      value: Level name
      objectReference: {fileID: 0}
    - target: {fileID: 3857994932469324243, guid: 38549bababc649b42bc4310dd0ed91da,
        type: 3}
      propertyPath: m_textAlignment
      value: 65535
      objectReference: {fileID: 0}
    - target: {fileID: 3857994932469324243, guid: 38549bababc649b42bc4310dd0ed91da,
        type: 3}
      propertyPath: m_sharedMaterial
      value: 
      objectReference: {fileID: 8517193507429322745, guid: 0b4aa1ac7a9e46f4a9080c7cc74d8a20,
        type: 2}
    - target: {fileID: 3857994932469324243, guid: 38549bababc649b42bc4310dd0ed91da,
        type: 3}
      propertyPath: m_fontColor32.rgba
      value: 4294111986
      objectReference: {fileID: 0}
    - target: {fileID: 3857994932469324243, guid: 38549bababc649b42bc4310dd0ed91da,
        type: 3}
      propertyPath: m_TextStyleHashCode
      value: -1183493901
      objectReference: {fileID: 0}
    - target: {fileID: 3857994932469324243, guid: 38549bababc649b42bc4310dd0ed91da,
        type: 3}
      propertyPath: m_VerticalAlignment
      value: 512
      objectReference: {fileID: 0}
    - target: {fileID: 3857994932469324243, guid: 38549bababc649b42bc4310dd0ed91da,
        type: 3}
      propertyPath: m_textInfo.lineCount
      value: 1
      objectReference: {fileID: 0}
    - target: {fileID: 3857994932469324243, guid: 38549bababc649b42bc4310dd0ed91da,
        type: 3}
      propertyPath: m_textInfo.pageCount
      value: 1
      objectReference: {fileID: 0}
    - target: {fileID: 3857994932469324243, guid: 38549bababc649b42bc4310dd0ed91da,
        type: 3}
      propertyPath: m_textInfo.wordCount
      value: 2
      objectReference: {fileID: 0}
    - target: {fileID: 3857994932469324243, guid: 38549bababc649b42bc4310dd0ed91da,
        type: 3}
      propertyPath: m_HorizontalAlignment
      value: 2
      objectReference: {fileID: 0}
    - target: {fileID: 3857994932469324243, guid: 38549bababc649b42bc4310dd0ed91da,
        type: 3}
      propertyPath: m_textInfo.spaceCount
      value: 1
      objectReference: {fileID: 0}
    - target: {fileID: 3857994932469324243, guid: 38549bababc649b42bc4310dd0ed91da,
        type: 3}
      propertyPath: m_textInfo.characterCount
      value: 10
      objectReference: {fileID: 0}
    - target: {fileID: 8806302799333030184, guid: 38549bababc649b42bc4310dd0ed91da,
        type: 3}
      propertyPath: m_Name
      value: Title2
      objectReference: {fileID: 0}
    m_RemovedComponents: []
  m_SourcePrefab: {fileID: 100100000, guid: 38549bababc649b42bc4310dd0ed91da, type: 3}
--- !u!224 &387486465005874484 stripped
RectTransform:
  m_CorrespondingSourceObject: {fileID: 3300843546999919711, guid: 38549bababc649b42bc4310dd0ed91da,
    type: 3}
  m_PrefabInstance: {fileID: 2931372030590744939}
  m_PrefabAsset: {fileID: 0}
--- !u!114 &2099815042881364152 stripped
MonoBehaviour:
  m_CorrespondingSourceObject: {fileID: 3857994932469324243, guid: 38549bababc649b42bc4310dd0ed91da,
    type: 3}
  m_PrefabInstance: {fileID: 2931372030590744939}
  m_PrefabAsset: {fileID: 0}
  m_GameObject: {fileID: 0}
  m_Enabled: 1
  m_EditorHideFlags: 0
  m_Script: {fileID: 11500000, guid: f4688fdb7df04437aeb418b961361dc5, type: 3}
  m_Name: 
  m_EditorClassIdentifier: 
--- !u!1001 &6075224342470068691
PrefabInstance:
  m_ObjectHideFlags: 0
  serializedVersion: 2
  m_Modification:
    m_TransformParent: {fileID: 5316125650249101371}
    m_Modifications:
    - target: {fileID: 1523713818020709166, guid: 768ee42e0324406499eab1591c189f0e,
        type: 3}
      propertyPath: m_Name
      value: TextButton
      objectReference: {fileID: 0}
    - target: {fileID: 6210738421409030402, guid: 768ee42e0324406499eab1591c189f0e,
        type: 3}
      propertyPath: m_text
      value: Back to menu
      objectReference: {fileID: 0}
    - target: {fileID: 6210738421409030402, guid: 768ee42e0324406499eab1591c189f0e,
        type: 3}
      propertyPath: m_textInfo.lineCount
      value: 1
      objectReference: {fileID: 0}
    - target: {fileID: 6210738421409030402, guid: 768ee42e0324406499eab1591c189f0e,
        type: 3}
      propertyPath: m_textInfo.pageCount
      value: 1
      objectReference: {fileID: 0}
    - target: {fileID: 6210738421409030402, guid: 768ee42e0324406499eab1591c189f0e,
        type: 3}
      propertyPath: m_textInfo.wordCount
      value: 3
      objectReference: {fileID: 0}
    - target: {fileID: 6210738421409030402, guid: 768ee42e0324406499eab1591c189f0e,
        type: 3}
      propertyPath: m_textInfo.spaceCount
      value: 2
      objectReference: {fileID: 0}
    - target: {fileID: 6210738421409030402, guid: 768ee42e0324406499eab1591c189f0e,
        type: 3}
      propertyPath: m_textInfo.characterCount
      value: 12
      objectReference: {fileID: 0}
    - target: {fileID: 6615446648336004609, guid: 768ee42e0324406499eab1591c189f0e,
        type: 3}
      propertyPath: m_text
      value: Back to menu
      objectReference: {fileID: 0}
    - target: {fileID: 6615446648336004609, guid: 768ee42e0324406499eab1591c189f0e,
        type: 3}
      propertyPath: m_margin.x
      value: 0
      objectReference: {fileID: 0}
    - target: {fileID: 6615446648336004609, guid: 768ee42e0324406499eab1591c189f0e,
        type: 3}
      propertyPath: m_HorizontalAlignment
      value: 2
      objectReference: {fileID: 0}
    - target: {fileID: 7293704942981504961, guid: 768ee42e0324406499eab1591c189f0e,
        type: 3}
      propertyPath: m_Pivot.x
      value: 0.5
      objectReference: {fileID: 0}
    - target: {fileID: 7293704942981504961, guid: 768ee42e0324406499eab1591c189f0e,
        type: 3}
      propertyPath: m_Pivot.y
      value: 0
      objectReference: {fileID: 0}
    - target: {fileID: 7293704942981504961, guid: 768ee42e0324406499eab1591c189f0e,
        type: 3}
      propertyPath: m_RootOrder
      value: 3
      objectReference: {fileID: 0}
    - target: {fileID: 7293704942981504961, guid: 768ee42e0324406499eab1591c189f0e,
        type: 3}
      propertyPath: m_AnchorMax.x
      value: 0.70000005
      objectReference: {fileID: 0}
    - target: {fileID: 7293704942981504961, guid: 768ee42e0324406499eab1591c189f0e,
        type: 3}
      propertyPath: m_AnchorMax.y
      value: 0
      objectReference: {fileID: 0}
    - target: {fileID: 7293704942981504961, guid: 768ee42e0324406499eab1591c189f0e,
        type: 3}
      propertyPath: m_AnchorMin.x
      value: 0.3
      objectReference: {fileID: 0}
    - target: {fileID: 7293704942981504961, guid: 768ee42e0324406499eab1591c189f0e,
        type: 3}
      propertyPath: m_AnchorMin.y
      value: 0
      objectReference: {fileID: 0}
    - target: {fileID: 7293704942981504961, guid: 768ee42e0324406499eab1591c189f0e,
        type: 3}
      propertyPath: m_SizeDelta.x
      value: 0
      objectReference: {fileID: 0}
    - target: {fileID: 7293704942981504961, guid: 768ee42e0324406499eab1591c189f0e,
        type: 3}
      propertyPath: m_SizeDelta.y
      value: 75
      objectReference: {fileID: 0}
    - target: {fileID: 7293704942981504961, guid: 768ee42e0324406499eab1591c189f0e,
        type: 3}
      propertyPath: m_LocalPosition.x
      value: 0
      objectReference: {fileID: 0}
    - target: {fileID: 7293704942981504961, guid: 768ee42e0324406499eab1591c189f0e,
        type: 3}
      propertyPath: m_LocalPosition.y
      value: 0
      objectReference: {fileID: 0}
    - target: {fileID: 7293704942981504961, guid: 768ee42e0324406499eab1591c189f0e,
        type: 3}
      propertyPath: m_LocalPosition.z
      value: 0
      objectReference: {fileID: 0}
    - target: {fileID: 7293704942981504961, guid: 768ee42e0324406499eab1591c189f0e,
        type: 3}
      propertyPath: m_LocalRotation.w
      value: 1
      objectReference: {fileID: 0}
    - target: {fileID: 7293704942981504961, guid: 768ee42e0324406499eab1591c189f0e,
        type: 3}
      propertyPath: m_LocalRotation.x
      value: -0
      objectReference: {fileID: 0}
    - target: {fileID: 7293704942981504961, guid: 768ee42e0324406499eab1591c189f0e,
        type: 3}
      propertyPath: m_LocalRotation.y
      value: -0
      objectReference: {fileID: 0}
    - target: {fileID: 7293704942981504961, guid: 768ee42e0324406499eab1591c189f0e,
        type: 3}
      propertyPath: m_LocalRotation.z
      value: -0
      objectReference: {fileID: 0}
    - target: {fileID: 7293704942981504961, guid: 768ee42e0324406499eab1591c189f0e,
        type: 3}
      propertyPath: m_AnchoredPosition.x
      value: 0
      objectReference: {fileID: 0}
    - target: {fileID: 7293704942981504961, guid: 768ee42e0324406499eab1591c189f0e,
        type: 3}
      propertyPath: m_AnchoredPosition.y
      value: 0
      objectReference: {fileID: 0}
    - target: {fileID: 7293704942981504961, guid: 768ee42e0324406499eab1591c189f0e,
        type: 3}
      propertyPath: m_LocalEulerAnglesHint.x
      value: 0
      objectReference: {fileID: 0}
    - target: {fileID: 7293704942981504961, guid: 768ee42e0324406499eab1591c189f0e,
        type: 3}
      propertyPath: m_LocalEulerAnglesHint.y
      value: 0
      objectReference: {fileID: 0}
    - target: {fileID: 7293704942981504961, guid: 768ee42e0324406499eab1591c189f0e,
        type: 3}
      propertyPath: m_LocalEulerAnglesHint.z
      value: 0
      objectReference: {fileID: 0}
    m_RemovedComponents: []
  m_SourcePrefab: {fileID: 100100000, guid: 768ee42e0324406499eab1591c189f0e, type: 3}
--- !u!114 &506382535269914092 stripped
MonoBehaviour:
  m_CorrespondingSourceObject: {fileID: 6001187663485705279, guid: 768ee42e0324406499eab1591c189f0e,
    type: 3}
  m_PrefabInstance: {fileID: 6075224342470068691}
  m_PrefabAsset: {fileID: 0}
  m_GameObject: {fileID: 0}
  m_Enabled: 1
  m_EditorHideFlags: 0
  m_Script: {fileID: 11500000, guid: 4e29b1a8efbd4b44bb3f3716e73f07ff, type: 3}
  m_Name: 
  m_EditorClassIdentifier: 
--- !u!224 &3564592892415596050 stripped
RectTransform:
  m_CorrespondingSourceObject: {fileID: 7293704942981504961, guid: 768ee42e0324406499eab1591c189f0e,
    type: 3}
  m_PrefabInstance: {fileID: 6075224342470068691}
  m_PrefabAsset: {fileID: 0}
--- !u!1001 &6847558926765679205
PrefabInstance:
  m_ObjectHideFlags: 0
  serializedVersion: 2
  m_Modification:
    m_TransformParent: {fileID: 7313216437230241825}
    m_Modifications:
    - target: {fileID: 3300843546999919711, guid: 1590bfa85b5c41c47a2220352b6a1894,
        type: 3}
      propertyPath: m_Pivot.x
      value: 0.5
      objectReference: {fileID: 0}
    - target: {fileID: 3300843546999919711, guid: 1590bfa85b5c41c47a2220352b6a1894,
        type: 3}
      propertyPath: m_Pivot.y
      value: 0.5
      objectReference: {fileID: 0}
    - target: {fileID: 3300843546999919711, guid: 1590bfa85b5c41c47a2220352b6a1894,
        type: 3}
      propertyPath: m_RootOrder
      value: 0
      objectReference: {fileID: 0}
    - target: {fileID: 3300843546999919711, guid: 1590bfa85b5c41c47a2220352b6a1894,
        type: 3}
      propertyPath: m_AnchorMax.x
      value: 1
      objectReference: {fileID: 0}
    - target: {fileID: 3300843546999919711, guid: 1590bfa85b5c41c47a2220352b6a1894,
        type: 3}
      propertyPath: m_AnchorMax.y
      value: 1
      objectReference: {fileID: 0}
    - target: {fileID: 3300843546999919711, guid: 1590bfa85b5c41c47a2220352b6a1894,
        type: 3}
      propertyPath: m_AnchorMin.x
      value: 0
      objectReference: {fileID: 0}
    - target: {fileID: 3300843546999919711, guid: 1590bfa85b5c41c47a2220352b6a1894,
        type: 3}
      propertyPath: m_AnchorMin.y
      value: 0
      objectReference: {fileID: 0}
    - target: {fileID: 3300843546999919711, guid: 1590bfa85b5c41c47a2220352b6a1894,
        type: 3}
      propertyPath: m_SizeDelta.x
      value: 0
      objectReference: {fileID: 0}
    - target: {fileID: 3300843546999919711, guid: 1590bfa85b5c41c47a2220352b6a1894,
        type: 3}
      propertyPath: m_SizeDelta.y
      value: 0
      objectReference: {fileID: 0}
    - target: {fileID: 3300843546999919711, guid: 1590bfa85b5c41c47a2220352b6a1894,
        type: 3}
      propertyPath: m_LocalPosition.x
      value: 0
      objectReference: {fileID: 0}
    - target: {fileID: 3300843546999919711, guid: 1590bfa85b5c41c47a2220352b6a1894,
        type: 3}
      propertyPath: m_LocalPosition.y
      value: 0
      objectReference: {fileID: 0}
    - target: {fileID: 3300843546999919711, guid: 1590bfa85b5c41c47a2220352b6a1894,
        type: 3}
      propertyPath: m_LocalPosition.z
      value: 0
      objectReference: {fileID: 0}
    - target: {fileID: 3300843546999919711, guid: 1590bfa85b5c41c47a2220352b6a1894,
        type: 3}
      propertyPath: m_LocalRotation.w
      value: 1
      objectReference: {fileID: 0}
    - target: {fileID: 3300843546999919711, guid: 1590bfa85b5c41c47a2220352b6a1894,
        type: 3}
      propertyPath: m_LocalRotation.x
      value: -0
      objectReference: {fileID: 0}
    - target: {fileID: 3300843546999919711, guid: 1590bfa85b5c41c47a2220352b6a1894,
        type: 3}
      propertyPath: m_LocalRotation.y
      value: -0
      objectReference: {fileID: 0}
    - target: {fileID: 3300843546999919711, guid: 1590bfa85b5c41c47a2220352b6a1894,
        type: 3}
      propertyPath: m_LocalRotation.z
      value: -0
      objectReference: {fileID: 0}
    - target: {fileID: 3300843546999919711, guid: 1590bfa85b5c41c47a2220352b6a1894,
        type: 3}
      propertyPath: m_AnchoredPosition.x
      value: 0
      objectReference: {fileID: 0}
    - target: {fileID: 3300843546999919711, guid: 1590bfa85b5c41c47a2220352b6a1894,
        type: 3}
      propertyPath: m_AnchoredPosition.y
      value: 0
      objectReference: {fileID: 0}
    - target: {fileID: 3300843546999919711, guid: 1590bfa85b5c41c47a2220352b6a1894,
        type: 3}
      propertyPath: m_LocalEulerAnglesHint.x
      value: 0
      objectReference: {fileID: 0}
    - target: {fileID: 3300843546999919711, guid: 1590bfa85b5c41c47a2220352b6a1894,
        type: 3}
      propertyPath: m_LocalEulerAnglesHint.y
      value: 0
      objectReference: {fileID: 0}
    - target: {fileID: 3300843546999919711, guid: 1590bfa85b5c41c47a2220352b6a1894,
        type: 3}
      propertyPath: m_LocalEulerAnglesHint.z
      value: 0
      objectReference: {fileID: 0}
    - target: {fileID: 3857994932469324243, guid: 1590bfa85b5c41c47a2220352b6a1894,
        type: 3}
      propertyPath: m_text
      value: Level id
      objectReference: {fileID: 0}
    - target: {fileID: 3857994932469324243, guid: 1590bfa85b5c41c47a2220352b6a1894,
        type: 3}
      propertyPath: m_fontColor.a
      value: 0
      objectReference: {fileID: 0}
    - target: {fileID: 3857994932469324243, guid: 1590bfa85b5c41c47a2220352b6a1894,
        type: 3}
      propertyPath: m_textAlignment
      value: 65535
      objectReference: {fileID: 0}
    - target: {fileID: 3857994932469324243, guid: 1590bfa85b5c41c47a2220352b6a1894,
        type: 3}
      propertyPath: m_sharedMaterial
      value: 
      objectReference: {fileID: 8517193507429322745, guid: 0b4aa1ac7a9e46f4a9080c7cc74d8a20,
        type: 2}
    - target: {fileID: 3857994932469324243, guid: 1590bfa85b5c41c47a2220352b6a1894,
        type: 3}
      propertyPath: m_fontColor32.rgba
      value: 15921906
      objectReference: {fileID: 0}
    - target: {fileID: 3857994932469324243, guid: 1590bfa85b5c41c47a2220352b6a1894,
        type: 3}
      propertyPath: m_TextStyleHashCode
      value: -1183493901
      objectReference: {fileID: 0}
    - target: {fileID: 3857994932469324243, guid: 1590bfa85b5c41c47a2220352b6a1894,
        type: 3}
      propertyPath: m_VerticalAlignment
      value: 512
      objectReference: {fileID: 0}
    - target: {fileID: 3857994932469324243, guid: 1590bfa85b5c41c47a2220352b6a1894,
        type: 3}
      propertyPath: m_textInfo.lineCount
      value: 1
      objectReference: {fileID: 0}
    - target: {fileID: 3857994932469324243, guid: 1590bfa85b5c41c47a2220352b6a1894,
        type: 3}
      propertyPath: m_textInfo.pageCount
      value: 1
      objectReference: {fileID: 0}
    - target: {fileID: 3857994932469324243, guid: 1590bfa85b5c41c47a2220352b6a1894,
        type: 3}
      propertyPath: m_textInfo.wordCount
      value: 2
      objectReference: {fileID: 0}
    - target: {fileID: 3857994932469324243, guid: 1590bfa85b5c41c47a2220352b6a1894,
        type: 3}
      propertyPath: m_textInfo.spaceCount
      value: 1
      objectReference: {fileID: 0}
    - target: {fileID: 3857994932469324243, guid: 1590bfa85b5c41c47a2220352b6a1894,
        type: 3}
      propertyPath: m_textInfo.characterCount
      value: 8
      objectReference: {fileID: 0}
    - target: {fileID: 8806302799333030184, guid: 1590bfa85b5c41c47a2220352b6a1894,
        type: 3}
      propertyPath: m_Name
      value: Title3
      objectReference: {fileID: 0}
    m_RemovedComponents: []
  m_SourcePrefab: {fileID: 100100000, guid: 1590bfa85b5c41c47a2220352b6a1894, type: 3}
--- !u!114 &7677849440962165686 stripped
MonoBehaviour:
  m_CorrespondingSourceObject: {fileID: 3857994932469324243, guid: 1590bfa85b5c41c47a2220352b6a1894,
    type: 3}
  m_PrefabInstance: {fileID: 6847558926765679205}
  m_PrefabAsset: {fileID: 0}
  m_GameObject: {fileID: 0}
  m_Enabled: 1
  m_EditorHideFlags: 0
  m_Script: {fileID: 11500000, guid: f4688fdb7df04437aeb418b961361dc5, type: 3}
  m_Name: 
  m_EditorClassIdentifier: 
--- !u!224 &8271310586755577402 stripped
RectTransform:
  m_CorrespondingSourceObject: {fileID: 3300843546999919711, guid: 1590bfa85b5c41c47a2220352b6a1894,
    type: 3}
  m_PrefabInstance: {fileID: 6847558926765679205}
  m_PrefabAsset: {fileID: 0}
--- !u!1001 &7428083637112420511
PrefabInstance:
  m_ObjectHideFlags: 0
  serializedVersion: 2
  m_Modification:
    m_TransformParent: {fileID: 8948184560464607877}
    m_Modifications:
    - target: {fileID: 3300843546999919711, guid: 38549bababc649b42bc4310dd0ed91da,
        type: 3}
      propertyPath: m_Pivot.x
      value: 0.5
      objectReference: {fileID: 0}
    - target: {fileID: 3300843546999919711, guid: 38549bababc649b42bc4310dd0ed91da,
        type: 3}
      propertyPath: m_Pivot.y
      value: 0.5
      objectReference: {fileID: 0}
    - target: {fileID: 3300843546999919711, guid: 38549bababc649b42bc4310dd0ed91da,
        type: 3}
      propertyPath: m_RootOrder
      value: 0
      objectReference: {fileID: 0}
    - target: {fileID: 3300843546999919711, guid: 38549bababc649b42bc4310dd0ed91da,
        type: 3}
      propertyPath: m_AnchorMax.x
      value: 1
      objectReference: {fileID: 0}
    - target: {fileID: 3300843546999919711, guid: 38549bababc649b42bc4310dd0ed91da,
        type: 3}
      propertyPath: m_AnchorMax.y
      value: 1
      objectReference: {fileID: 0}
    - target: {fileID: 3300843546999919711, guid: 38549bababc649b42bc4310dd0ed91da,
        type: 3}
      propertyPath: m_AnchorMin.x
      value: 0
      objectReference: {fileID: 0}
    - target: {fileID: 3300843546999919711, guid: 38549bababc649b42bc4310dd0ed91da,
        type: 3}
      propertyPath: m_AnchorMin.y
      value: 0
      objectReference: {fileID: 0}
    - target: {fileID: 3300843546999919711, guid: 38549bababc649b42bc4310dd0ed91da,
        type: 3}
      propertyPath: m_SizeDelta.x
      value: 0
      objectReference: {fileID: 0}
    - target: {fileID: 3300843546999919711, guid: 38549bababc649b42bc4310dd0ed91da,
        type: 3}
      propertyPath: m_SizeDelta.y
      value: 0
      objectReference: {fileID: 0}
    - target: {fileID: 3300843546999919711, guid: 38549bababc649b42bc4310dd0ed91da,
        type: 3}
      propertyPath: m_LocalPosition.x
      value: 0
      objectReference: {fileID: 0}
    - target: {fileID: 3300843546999919711, guid: 38549bababc649b42bc4310dd0ed91da,
        type: 3}
      propertyPath: m_LocalPosition.y
      value: 0
      objectReference: {fileID: 0}
    - target: {fileID: 3300843546999919711, guid: 38549bababc649b42bc4310dd0ed91da,
        type: 3}
      propertyPath: m_LocalPosition.z
      value: 0
      objectReference: {fileID: 0}
    - target: {fileID: 3300843546999919711, guid: 38549bababc649b42bc4310dd0ed91da,
        type: 3}
      propertyPath: m_LocalRotation.w
      value: 1
      objectReference: {fileID: 0}
    - target: {fileID: 3300843546999919711, guid: 38549bababc649b42bc4310dd0ed91da,
        type: 3}
      propertyPath: m_LocalRotation.x
      value: 0
      objectReference: {fileID: 0}
    - target: {fileID: 3300843546999919711, guid: 38549bababc649b42bc4310dd0ed91da,
        type: 3}
      propertyPath: m_LocalRotation.y
      value: 0
      objectReference: {fileID: 0}
    - target: {fileID: 3300843546999919711, guid: 38549bababc649b42bc4310dd0ed91da,
        type: 3}
      propertyPath: m_LocalRotation.z
      value: 0
      objectReference: {fileID: 0}
    - target: {fileID: 3300843546999919711, guid: 38549bababc649b42bc4310dd0ed91da,
        type: 3}
      propertyPath: m_AnchoredPosition.x
      value: 0
      objectReference: {fileID: 0}
    - target: {fileID: 3300843546999919711, guid: 38549bababc649b42bc4310dd0ed91da,
        type: 3}
      propertyPath: m_AnchoredPosition.y
      value: 0
      objectReference: {fileID: 0}
    - target: {fileID: 3300843546999919711, guid: 38549bababc649b42bc4310dd0ed91da,
        type: 3}
      propertyPath: m_LocalEulerAnglesHint.x
      value: 0
      objectReference: {fileID: 0}
    - target: {fileID: 3300843546999919711, guid: 38549bababc649b42bc4310dd0ed91da,
        type: 3}
      propertyPath: m_LocalEulerAnglesHint.y
      value: 0
      objectReference: {fileID: 0}
    - target: {fileID: 3300843546999919711, guid: 38549bababc649b42bc4310dd0ed91da,
        type: 3}
      propertyPath: m_LocalEulerAnglesHint.z
      value: 0
      objectReference: {fileID: 0}
    - target: {fileID: 3857994932469324243, guid: 38549bababc649b42bc4310dd0ed91da,
        type: 3}
      propertyPath: m_text
      value: You can see this only if you actually won something.
      objectReference: {fileID: 0}
    - target: {fileID: 3857994932469324243, guid: 38549bababc649b42bc4310dd0ed91da,
        type: 3}
      propertyPath: m_margin.x
      value: 0
      objectReference: {fileID: 0}
    - target: {fileID: 3857994932469324243, guid: 38549bababc649b42bc4310dd0ed91da,
        type: 3}
      propertyPath: m_textAlignment
      value: 65535
      objectReference: {fileID: 0}
    - target: {fileID: 3857994932469324243, guid: 38549bababc649b42bc4310dd0ed91da,
        type: 3}
      propertyPath: m_sharedMaterial
      value: 
      objectReference: {fileID: 8517193507429322745, guid: 0b4aa1ac7a9e46f4a9080c7cc74d8a20,
        type: 2}
    - target: {fileID: 3857994932469324243, guid: 38549bababc649b42bc4310dd0ed91da,
        type: 3}
      propertyPath: m_fontColor32.rgba
      value: 4294111986
      objectReference: {fileID: 0}
    - target: {fileID: 3857994932469324243, guid: 38549bababc649b42bc4310dd0ed91da,
        type: 3}
      propertyPath: m_TextStyleHashCode
      value: -1183493901
      objectReference: {fileID: 0}
    - target: {fileID: 3857994932469324243, guid: 38549bababc649b42bc4310dd0ed91da,
        type: 3}
      propertyPath: m_VerticalAlignment
      value: 512
      objectReference: {fileID: 0}
    - target: {fileID: 3857994932469324243, guid: 38549bababc649b42bc4310dd0ed91da,
        type: 3}
      propertyPath: m_textInfo.lineCount
      value: 1
      objectReference: {fileID: 0}
    - target: {fileID: 3857994932469324243, guid: 38549bababc649b42bc4310dd0ed91da,
        type: 3}
      propertyPath: m_textInfo.pageCount
      value: 1
      objectReference: {fileID: 0}
    - target: {fileID: 3857994932469324243, guid: 38549bababc649b42bc4310dd0ed91da,
        type: 3}
      propertyPath: m_textInfo.wordCount
      value: 10
      objectReference: {fileID: 0}
    - target: {fileID: 3857994932469324243, guid: 38549bababc649b42bc4310dd0ed91da,
        type: 3}
      propertyPath: m_HorizontalAlignment
      value: 2
      objectReference: {fileID: 0}
    - target: {fileID: 3857994932469324243, guid: 38549bababc649b42bc4310dd0ed91da,
        type: 3}
      propertyPath: m_textInfo.spaceCount
      value: 9
      objectReference: {fileID: 0}
    - target: {fileID: 3857994932469324243, guid: 38549bababc649b42bc4310dd0ed91da,
        type: 3}
      propertyPath: m_textInfo.characterCount
      value: 52
      objectReference: {fileID: 0}
    - target: {fileID: 8806302799333030184, guid: 38549bababc649b42bc4310dd0ed91da,
        type: 3}
      propertyPath: m_Name
      value: Title2
      objectReference: {fileID: 0}
    m_RemovedComponents: []
  m_SourcePrefab: {fileID: 100100000, guid: 38549bababc649b42bc4310dd0ed91da, type: 3}
--- !u!224 &5393950067036531904 stripped
RectTransform:
  m_CorrespondingSourceObject: {fileID: 3300843546999919711, guid: 38549bababc649b42bc4310dd0ed91da,
    type: 3}
  m_PrefabInstance: {fileID: 7428083637112420511}
  m_PrefabAsset: {fileID: 0}
--- !u!114 &5953621564798624076 stripped
MonoBehaviour:
  m_CorrespondingSourceObject: {fileID: 3857994932469324243, guid: 38549bababc649b42bc4310dd0ed91da,
    type: 3}
  m_PrefabInstance: {fileID: 7428083637112420511}
  m_PrefabAsset: {fileID: 0}
  m_GameObject: {fileID: 0}
  m_Enabled: 1
  m_EditorHideFlags: 0
  m_Script: {fileID: 11500000, guid: f4688fdb7df04437aeb418b961361dc5, type: 3}
  m_Name: 
  m_EditorClassIdentifier: 
