%YAML 1.1
%TAG !u! tag:unity3d.com,2011:
--- !u!1 &2195188066444606064
GameObject:
  m_ObjectHideFlags: 0
  m_CorrespondingSourceObject: {fileID: 0}
  m_PrefabInstance: {fileID: 0}
  m_PrefabAsset: {fileID: 0}
  serializedVersion: 6
  m_Component:
  - component: {fileID: 3840947538668785952}
  - component: {fileID: 68753363159737115}
  m_Layer: 0
  m_Name: Root
  m_TagString: Untagged
  m_Icon: {fileID: 0}
  m_NavMeshLayer: 0
  m_StaticEditorFlags: 0
  m_IsActive: 1
--- !u!224 &3840947538668785952
RectTransform:
  m_ObjectHideFlags: 0
  m_CorrespondingSourceObject: {fileID: 0}
  m_PrefabInstance: {fileID: 0}
  m_PrefabAsset: {fileID: 0}
  m_GameObject: {fileID: 2195188066444606064}
  m_LocalRotation: {x: 0, y: 0, z: 0, w: 1}
  m_LocalPosition: {x: 0, y: 0, z: 0}
  m_LocalScale: {x: 1, y: 1, z: 1}
  m_Children:
  - {fileID: 7307706878648261356}
  m_Father: {fileID: 9085646506165312858}
  m_RootOrder: 0
  m_LocalEulerAnglesHint: {x: 0, y: 0, z: 0}
  m_AnchorMin: {x: 0, y: 0}
  m_AnchorMax: {x: 1, y: 1}
  m_AnchoredPosition: {x: 0, y: 0}
  m_SizeDelta: {x: 0, y: 0}
  m_Pivot: {x: 0.5, y: 0.5}
--- !u!222 &68753363159737115
CanvasRenderer:
  m_ObjectHideFlags: 0
  m_CorrespondingSourceObject: {fileID: 0}
  m_PrefabInstance: {fileID: 0}
  m_PrefabAsset: {fileID: 0}
  m_GameObject: {fileID: 2195188066444606064}
  m_CullTransparentMesh: 0
--- !u!1 &8484953780940300847
GameObject:
  m_ObjectHideFlags: 0
  m_CorrespondingSourceObject: {fileID: 0}
  m_PrefabInstance: {fileID: 0}
  m_PrefabAsset: {fileID: 0}
  serializedVersion: 6
  m_Component:
  - component: {fileID: 9085646506165312858}
  - component: {fileID: 7531545234685109573}
  - component: {fileID: 2654607822459624274}
  m_Layer: 0
  m_Name: DefaultEditor
  m_TagString: Untagged
  m_Icon: {fileID: 0}
  m_NavMeshLayer: 0
  m_StaticEditorFlags: 0
  m_IsActive: 1
--- !u!224 &9085646506165312858
RectTransform:
  m_ObjectHideFlags: 0
  m_CorrespondingSourceObject: {fileID: 0}
  m_PrefabInstance: {fileID: 0}
  m_PrefabAsset: {fileID: 0}
  m_GameObject: {fileID: 8484953780940300847}
  m_LocalRotation: {x: 0, y: 0, z: 0, w: 1}
  m_LocalPosition: {x: 0, y: 0, z: 0}
  m_LocalScale: {x: 1, y: 1, z: 1}
  m_Children:
  - {fileID: 3840947538668785952}
  m_Father: {fileID: 0}
  m_RootOrder: 0
  m_LocalEulerAnglesHint: {x: 0, y: 0, z: 0}
  m_AnchorMin: {x: 0, y: 0}
  m_AnchorMax: {x: 1, y: 1}
  m_AnchoredPosition: {x: 0, y: 0}
  m_SizeDelta: {x: 0, y: 0}
  m_Pivot: {x: 0.5, y: 0.5}
--- !u!222 &7531545234685109573
CanvasRenderer:
  m_ObjectHideFlags: 0
  m_CorrespondingSourceObject: {fileID: 0}
  m_PrefabInstance: {fileID: 0}
  m_PrefabAsset: {fileID: 0}
  m_GameObject: {fileID: 8484953780940300847}
  m_CullTransparentMesh: 0
--- !u!114 &2654607822459624274
MonoBehaviour:
  m_ObjectHideFlags: 0
  m_CorrespondingSourceObject: {fileID: 0}
  m_PrefabInstance: {fileID: 0}
  m_PrefabAsset: {fileID: 0}
  m_GameObject: {fileID: 8484953780940300847}
  m_Enabled: 1
  m_EditorHideFlags: 0
  m_Script: {fileID: 11500000, guid: a0902075771369e4fb452b3a1307f998, type: 3}
  m_Name: 
  m_EditorClassIdentifier: 
  _root: {fileID: 2195188066444606064}
--- !u!1001 &5234523104269569715
PrefabInstance:
  m_ObjectHideFlags: 0
  serializedVersion: 2
  m_Modification:
    m_TransformParent: {fileID: 3840947538668785952}
    m_Modifications:
    - target: {fileID: 8806302799333030184, guid: 38549bababc649b42bc4310dd0ed91da,
        type: 3}
      propertyPath: m_Name
      value: Title2
      objectReference: {fileID: 0}
    - target: {fileID: 3857994932469324243, guid: 38549bababc649b42bc4310dd0ed91da,
        type: 3}
      propertyPath: m_textInfo.characterCount
      value: 19
      objectReference: {fileID: 0}
    - target: {fileID: 3857994932469324243, guid: 38549bababc649b42bc4310dd0ed91da,
        type: 3}
      propertyPath: m_textInfo.spaceCount
      value: 2
      objectReference: {fileID: 0}
    - target: {fileID: 3857994932469324243, guid: 38549bababc649b42bc4310dd0ed91da,
        type: 3}
      propertyPath: m_textInfo.wordCount
      value: 3
      objectReference: {fileID: 0}
    - target: {fileID: 3857994932469324243, guid: 38549bababc649b42bc4310dd0ed91da,
        type: 3}
      propertyPath: m_textInfo.lineCount
      value: 1
      objectReference: {fileID: 0}
    - target: {fileID: 3857994932469324243, guid: 38549bababc649b42bc4310dd0ed91da,
        type: 3}
      propertyPath: m_textInfo.pageCount
      value: 1
      objectReference: {fileID: 0}
    - target: {fileID: 3857994932469324243, guid: 38549bababc649b42bc4310dd0ed91da,
        type: 3}
      propertyPath: m_text
      value: Not Implemented yet
      objectReference: {fileID: 0}
    - target: {fileID: 3300843546999919711, guid: 38549bababc649b42bc4310dd0ed91da,
        type: 3}
      propertyPath: m_LocalPosition.x
      value: 0
      objectReference: {fileID: 0}
    - target: {fileID: 3300843546999919711, guid: 38549bababc649b42bc4310dd0ed91da,
        type: 3}
      propertyPath: m_LocalPosition.y
      value: 0
      objectReference: {fileID: 0}
    - target: {fileID: 3300843546999919711, guid: 38549bababc649b42bc4310dd0ed91da,
        type: 3}
      propertyPath: m_LocalPosition.z
      value: 0
      objectReference: {fileID: 0}
    - target: {fileID: 3300843546999919711, guid: 38549bababc649b42bc4310dd0ed91da,
        type: 3}
      propertyPath: m_LocalRotation.x
      value: 0
      objectReference: {fileID: 0}
    - target: {fileID: 3300843546999919711, guid: 38549bababc649b42bc4310dd0ed91da,
        type: 3}
      propertyPath: m_LocalRotation.y
      value: 0
      objectReference: {fileID: 0}
    - target: {fileID: 3300843546999919711, guid: 38549bababc649b42bc4310dd0ed91da,
        type: 3}
      propertyPath: m_LocalRotation.z
      value: 0
      objectReference: {fileID: 0}
    - target: {fileID: 3300843546999919711, guid: 38549bababc649b42bc4310dd0ed91da,
        type: 3}
      propertyPath: m_LocalRotation.w
      value: 1
      objectReference: {fileID: 0}
    - target: {fileID: 3300843546999919711, guid: 38549bababc649b42bc4310dd0ed91da,
        type: 3}
      propertyPath: m_RootOrder
      value: 0
      objectReference: {fileID: 0}
    - target: {fileID: 3300843546999919711, guid: 38549bababc649b42bc4310dd0ed91da,
        type: 3}
      propertyPath: m_LocalEulerAnglesHint.x
      value: 0
      objectReference: {fileID: 0}
    - target: {fileID: 3300843546999919711, guid: 38549bababc649b42bc4310dd0ed91da,
        type: 3}
      propertyPath: m_LocalEulerAnglesHint.y
      value: 0
      objectReference: {fileID: 0}
    - target: {fileID: 3300843546999919711, guid: 38549bababc649b42bc4310dd0ed91da,
        type: 3}
      propertyPath: m_LocalEulerAnglesHint.z
      value: 0
      objectReference: {fileID: 0}
    - target: {fileID: 3300843546999919711, guid: 38549bababc649b42bc4310dd0ed91da,
        type: 3}
      propertyPath: m_AnchoredPosition.x
      value: 0
      objectReference: {fileID: 0}
    - target: {fileID: 3300843546999919711, guid: 38549bababc649b42bc4310dd0ed91da,
        type: 3}
      propertyPath: m_AnchoredPosition.y
      value: 0
      objectReference: {fileID: 0}
    - target: {fileID: 3300843546999919711, guid: 38549bababc649b42bc4310dd0ed91da,
        type: 3}
      propertyPath: m_SizeDelta.x
      value: 0
      objectReference: {fileID: 0}
    - target: {fileID: 3300843546999919711, guid: 38549bababc649b42bc4310dd0ed91da,
        type: 3}
      propertyPath: m_SizeDelta.y
      value: 0
      objectReference: {fileID: 0}
    - target: {fileID: 3300843546999919711, guid: 38549bababc649b42bc4310dd0ed91da,
        type: 3}
      propertyPath: m_AnchorMin.x
      value: 0
      objectReference: {fileID: 0}
    - target: {fileID: 3300843546999919711, guid: 38549bababc649b42bc4310dd0ed91da,
        type: 3}
      propertyPath: m_AnchorMin.y
      value: 0
      objectReference: {fileID: 0}
    - target: {fileID: 3300843546999919711, guid: 38549bababc649b42bc4310dd0ed91da,
        type: 3}
      propertyPath: m_AnchorMax.x
      value: 1
      objectReference: {fileID: 0}
    - target: {fileID: 3300843546999919711, guid: 38549bababc649b42bc4310dd0ed91da,
        type: 3}
      propertyPath: m_AnchorMax.y
      value: 1
      objectReference: {fileID: 0}
    - target: {fileID: 3300843546999919711, guid: 38549bababc649b42bc4310dd0ed91da,
        type: 3}
      propertyPath: m_Pivot.x
      value: 0.5
      objectReference: {fileID: 0}
    - target: {fileID: 3300843546999919711, guid: 38549bababc649b42bc4310dd0ed91da,
        type: 3}
      propertyPath: m_Pivot.y
      value: 0.5
      objectReference: {fileID: 0}
    m_RemovedComponents: []
  m_SourcePrefab: {fileID: 100100000, guid: 38549bababc649b42bc4310dd0ed91da, type: 3}
--- !u!224 &7307706878648261356 stripped
RectTransform:
  m_CorrespondingSourceObject: {fileID: 3300843546999919711, guid: 38549bababc649b42bc4310dd0ed91da,
    type: 3}
  m_PrefabInstance: {fileID: 5234523104269569715}
  m_PrefabAsset: {fileID: 0}
