%YAML 1.1
%TAG !u! tag:unity3d.com,2011:
--- !u!1 &767714465096310593
GameObject:
  m_ObjectHideFlags: 0
  m_CorrespondingSourceObject: {fileID: 0}
  m_PrefabInstance: {fileID: 0}
  m_PrefabAsset: {fileID: 0}
  serializedVersion: 6
  m_Component:
  - component: {fileID: 103960899793182772}
  - component: {fileID: 1721088381112440875}
  - component: {fileID: 3614032520967391897}
  m_Layer: 0
  m_Name: DividerEditor
  m_TagString: Untagged
  m_Icon: {fileID: 0}
  m_NavMeshLayer: 0
  m_StaticEditorFlags: 0
  m_IsActive: 1
--- !u!224 &103960899793182772
RectTransform:
  m_ObjectHideFlags: 0
  m_CorrespondingSourceObject: {fileID: 0}
  m_PrefabInstance: {fileID: 0}
  m_PrefabAsset: {fileID: 0}
  m_GameObject: {fileID: 767714465096310593}
  m_LocalRotation: {x: 0, y: 0, z: 0, w: 1}
  m_LocalPosition: {x: 0, y: 0, z: 0}
  m_LocalScale: {x: 1, y: 1, z: 1}
  m_Children:
  - {fileID: 5344134281741528142}
  m_Father: {fileID: 0}
  m_RootOrder: 0
  m_LocalEulerAnglesHint: {x: 0, y: 0, z: 0}
  m_AnchorMin: {x: 0, y: 0}
  m_AnchorMax: {x: 1, y: 1}
  m_AnchoredPosition: {x: 0, y: 0}
  m_SizeDelta: {x: 0, y: 0}
  m_Pivot: {x: 0.5, y: 0.5}
--- !u!222 &1721088381112440875
CanvasRenderer:
  m_ObjectHideFlags: 0
  m_CorrespondingSourceObject: {fileID: 0}
  m_PrefabInstance: {fileID: 0}
  m_PrefabAsset: {fileID: 0}
  m_GameObject: {fileID: 767714465096310593}
  m_CullTransparentMesh: 0
--- !u!114 &3614032520967391897
MonoBehaviour:
  m_ObjectHideFlags: 0
  m_CorrespondingSourceObject: {fileID: 0}
  m_PrefabInstance: {fileID: 0}
  m_PrefabAsset: {fileID: 0}
  m_GameObject: {fileID: 767714465096310593}
  m_Enabled: 1
  m_EditorHideFlags: 0
  m_Script: {fileID: 11500000, guid: 2d5ce72248931b24b9261fea82b3a4b7, type: 3}
  m_Name: 
  m_EditorClassIdentifier: 
  _root: {fileID: 6994436933881956126}
  _snappedPositionEditor: {fileID: 6844598415201953864}
  _snappedRotationEditor: {fileID: 6333247847578241821}
  _orientationEditor: {fileID: 5059936236019304963}
--- !u!1 &1568469963745809096
GameObject:
  m_ObjectHideFlags: 0
  m_CorrespondingSourceObject: {fileID: 0}
  m_PrefabInstance: {fileID: 0}
  m_PrefabAsset: {fileID: 0}
  serializedVersion: 6
  m_Component:
  - component: {fileID: 478465034479086771}
  - component: {fileID: 5078306890315249952}
  - component: {fileID: 7590921544097796289}
  - component: {fileID: 78580585110627355}
  - component: {fileID: 2217595625879255417}
  m_Layer: 0
  m_Name: ScrollArea (3)
  m_TagString: Untagged
  m_Icon: {fileID: 0}
  m_NavMeshLayer: 0
  m_StaticEditorFlags: 0
  m_IsActive: 1
--- !u!224 &478465034479086771
RectTransform:
  m_ObjectHideFlags: 0
  m_CorrespondingSourceObject: {fileID: 0}
  m_PrefabInstance: {fileID: 0}
  m_PrefabAsset: {fileID: 0}
  m_GameObject: {fileID: 1568469963745809096}
  m_LocalRotation: {x: -0, y: -0, z: -0, w: 1}
  m_LocalPosition: {x: 0, y: 0, z: 0}
  m_LocalScale: {x: 1, y: 1, z: 1}
  m_Children:
  - {fileID: 6396244750716881190}
  m_Father: {fileID: 5344134281741528142}
  m_RootOrder: 1
  m_LocalEulerAnglesHint: {x: 0, y: 0, z: 0}
  m_AnchorMin: {x: 0, y: 0}
  m_AnchorMax: {x: 1, y: 1}
  m_AnchoredPosition: {x: 0, y: -37.5}
  m_SizeDelta: {x: 0, y: -75}
  m_Pivot: {x: 0.5, y: 0.5}
--- !u!222 &5078306890315249952
CanvasRenderer:
  m_ObjectHideFlags: 0
  m_CorrespondingSourceObject: {fileID: 0}
  m_PrefabInstance: {fileID: 0}
  m_PrefabAsset: {fileID: 0}
  m_GameObject: {fileID: 1568469963745809096}
  m_CullTransparentMesh: 0
--- !u!114 &7590921544097796289
MonoBehaviour:
  m_ObjectHideFlags: 0
  m_CorrespondingSourceObject: {fileID: 0}
  m_PrefabInstance: {fileID: 0}
  m_PrefabAsset: {fileID: 0}
  m_GameObject: {fileID: 1568469963745809096}
  m_Enabled: 1
  m_EditorHideFlags: 0
  m_Script: {fileID: 11500000, guid: fe87c0e1cc204ed48ad3b37840f39efc, type: 3}
  m_Name: 
  m_EditorClassIdentifier: 
  m_Material: {fileID: 0}
  m_Color: {r: 1, g: 1, b: 1, a: 0.392}
  m_RaycastTarget: 1
  m_RaycastPadding: {x: 0, y: 0, z: 0, w: 0}
  m_Maskable: 1
  m_OnCullStateChanged:
    m_PersistentCalls:
      m_Calls: []
  m_Sprite: {fileID: 10907, guid: 0000000000000000f000000000000000, type: 0}
  m_Type: 1
  m_PreserveAspect: 0
  m_FillCenter: 1
  m_FillMethod: 4
  m_FillAmount: 1
  m_FillClockwise: 1
  m_FillOrigin: 0
  m_UseSpriteMesh: 0
  m_PixelsPerUnitMultiplier: 1
--- !u!114 &78580585110627355
MonoBehaviour:
  m_ObjectHideFlags: 0
  m_CorrespondingSourceObject: {fileID: 0}
  m_PrefabInstance: {fileID: 0}
  m_PrefabAsset: {fileID: 0}
  m_GameObject: {fileID: 1568469963745809096}
  m_Enabled: 1
  m_EditorHideFlags: 0
  m_Script: {fileID: 11500000, guid: 1aa08ab6e0800fa44ae55d278d1423e3, type: 3}
  m_Name: 
  m_EditorClassIdentifier: 
  m_Content: {fileID: 6396244750716881190}
  m_Horizontal: 0
  m_Vertical: 1
  m_MovementType: 1
  m_Elasticity: 0.1
  m_Inertia: 1
  m_DecelerationRate: 0.135
  m_ScrollSensitivity: 1
  m_Viewport: {fileID: 478465034479086771}
  m_HorizontalScrollbar: {fileID: 0}
  m_VerticalScrollbar: {fileID: 0}
  m_HorizontalScrollbarVisibility: 0
  m_VerticalScrollbarVisibility: 0
  m_HorizontalScrollbarSpacing: 0
  m_VerticalScrollbarSpacing: 0
  m_OnValueChanged:
    m_PersistentCalls:
      m_Calls: []
--- !u!114 &2217595625879255417
MonoBehaviour:
  m_ObjectHideFlags: 0
  m_CorrespondingSourceObject: {fileID: 0}
  m_PrefabInstance: {fileID: 0}
  m_PrefabAsset: {fileID: 0}
  m_GameObject: {fileID: 1568469963745809096}
  m_Enabled: 1
  m_EditorHideFlags: 0
  m_Script: {fileID: 11500000, guid: 31a19414c41e5ae4aae2af33fee712f6, type: 3}
  m_Name: 
  m_EditorClassIdentifier: 
  m_ShowMaskGraphic: 0
--- !u!1 &5463873222656669259
GameObject:
  m_ObjectHideFlags: 0
  m_CorrespondingSourceObject: {fileID: 0}
  m_PrefabInstance: {fileID: 0}
  m_PrefabAsset: {fileID: 0}
  serializedVersion: 6
  m_Component:
  - component: {fileID: 6819459681419232689}
  - component: {fileID: 2922483797696143027}
  - component: {fileID: 7877179714826692385}
  m_Layer: 0
  m_Name: Title
  m_TagString: Untagged
  m_Icon: {fileID: 0}
  m_NavMeshLayer: 0
  m_StaticEditorFlags: 0
  m_IsActive: 1
--- !u!224 &6819459681419232689
RectTransform:
  m_ObjectHideFlags: 0
  m_CorrespondingSourceObject: {fileID: 0}
  m_PrefabInstance: {fileID: 0}
  m_PrefabAsset: {fileID: 0}
  m_GameObject: {fileID: 5463873222656669259}
  m_LocalRotation: {x: 0, y: 0, z: 0, w: 1}
  m_LocalPosition: {x: 0, y: 0, z: 0}
  m_LocalScale: {x: 1, y: 1, z: 1}
  m_Children:
  - {fileID: 2541498172906118656}
  m_Father: {fileID: 5344134281741528142}
  m_RootOrder: 0
  m_LocalEulerAnglesHint: {x: 0, y: 0, z: 0}
  m_AnchorMin: {x: 0, y: 1}
  m_AnchorMax: {x: 1, y: 1}
  m_AnchoredPosition: {x: 0, y: 0}
  m_SizeDelta: {x: 0, y: 75}
  m_Pivot: {x: 0.5, y: 1}
--- !u!222 &2922483797696143027
CanvasRenderer:
  m_ObjectHideFlags: 0
  m_CorrespondingSourceObject: {fileID: 0}
  m_PrefabInstance: {fileID: 0}
  m_PrefabAsset: {fileID: 0}
  m_GameObject: {fileID: 5463873222656669259}
  m_CullTransparentMesh: 0
--- !u!114 &7877179714826692385
MonoBehaviour:
  m_ObjectHideFlags: 0
  m_CorrespondingSourceObject: {fileID: 0}
  m_PrefabInstance: {fileID: 0}
  m_PrefabAsset: {fileID: 0}
  m_GameObject: {fileID: 5463873222656669259}
  m_Enabled: 1
  m_EditorHideFlags: 0
  m_Script: {fileID: 11500000, guid: fe87c0e1cc204ed48ad3b37840f39efc, type: 3}
  m_Name: 
  m_EditorClassIdentifier: 
  m_Material: {fileID: 0}
  m_Color: {r: 1, g: 1, b: 1, a: 0.392}
  m_RaycastTarget: 1
  m_RaycastPadding: {x: 0, y: 0, z: 0, w: 0}
  m_Maskable: 1
  m_OnCullStateChanged:
    m_PersistentCalls:
      m_Calls: []
  m_Sprite: {fileID: 21300000, guid: 9917fe0b6ab1ac14fa70a60ce2344811, type: 3}
  m_Type: 1
  m_PreserveAspect: 0
  m_FillCenter: 1
  m_FillMethod: 4
  m_FillAmount: 1
  m_FillClockwise: 1
  m_FillOrigin: 0
  m_UseSpriteMesh: 0
  m_PixelsPerUnitMultiplier: 1
--- !u!1 &6319810364593979099
GameObject:
  m_ObjectHideFlags: 0
  m_CorrespondingSourceObject: {fileID: 0}
  m_PrefabInstance: {fileID: 0}
  m_PrefabAsset: {fileID: 0}
  serializedVersion: 6
  m_Component:
  - component: {fileID: 6396244750716881190}
  - component: {fileID: 3674813993365368121}
  - component: {fileID: 1919701655758732023}
  - component: {fileID: 7815337707868541998}
  m_Layer: 0
  m_Name: ParametersList
  m_TagString: Untagged
  m_Icon: {fileID: 0}
  m_NavMeshLayer: 0
  m_StaticEditorFlags: 0
  m_IsActive: 1
--- !u!224 &6396244750716881190
RectTransform:
  m_ObjectHideFlags: 0
  m_CorrespondingSourceObject: {fileID: 0}
  m_PrefabInstance: {fileID: 0}
  m_PrefabAsset: {fileID: 0}
  m_GameObject: {fileID: 6319810364593979099}
  m_LocalRotation: {x: 0, y: 0, z: 0, w: 1}
  m_LocalPosition: {x: 0, y: 0, z: 0}
  m_LocalScale: {x: 1, y: 1, z: 1}
  m_Children:
  - {fileID: 7680962813482110741}
  - {fileID: 8399476309990914071}
  - {fileID: 9082497806316258670}
  m_Father: {fileID: 478465034479086771}
  m_RootOrder: 0
  m_LocalEulerAnglesHint: {x: 0, y: 0, z: 0}
  m_AnchorMin: {x: 0, y: 1}
  m_AnchorMax: {x: 1, y: 1}
  m_AnchoredPosition: {x: 0, y: 0}
  m_SizeDelta: {x: 0, y: 0}
  m_Pivot: {x: 0.5, y: 1}
--- !u!222 &3674813993365368121
CanvasRenderer:
  m_ObjectHideFlags: 0
  m_CorrespondingSourceObject: {fileID: 0}
  m_PrefabInstance: {fileID: 0}
  m_PrefabAsset: {fileID: 0}
  m_GameObject: {fileID: 6319810364593979099}
  m_CullTransparentMesh: 0
--- !u!114 &1919701655758732023
MonoBehaviour:
  m_ObjectHideFlags: 0
  m_CorrespondingSourceObject: {fileID: 0}
  m_PrefabInstance: {fileID: 0}
  m_PrefabAsset: {fileID: 0}
  m_GameObject: {fileID: 6319810364593979099}
  m_Enabled: 1
  m_EditorHideFlags: 0
  m_Script: {fileID: 11500000, guid: 59f8146938fff824cb5fd77236b75775, type: 3}
  m_Name: 
  m_EditorClassIdentifier: 
  m_Padding:
    m_Left: 0
    m_Right: 0
    m_Top: 0
    m_Bottom: 0
  m_ChildAlignment: 1
  m_Spacing: 0
  m_ChildForceExpandWidth: 1
  m_ChildForceExpandHeight: 0
  m_ChildControlWidth: 1
  m_ChildControlHeight: 1
  m_ChildScaleWidth: 0
  m_ChildScaleHeight: 0
  m_ReverseArrangement: 0
--- !u!114 &7815337707868541998
MonoBehaviour:
  m_ObjectHideFlags: 0
  m_CorrespondingSourceObject: {fileID: 0}
  m_PrefabInstance: {fileID: 0}
  m_PrefabAsset: {fileID: 0}
  m_GameObject: {fileID: 6319810364593979099}
  m_Enabled: 1
  m_EditorHideFlags: 0
  m_Script: {fileID: 11500000, guid: 3245ec927659c4140ac4f8d17403cc18, type: 3}
  m_Name: 
  m_EditorClassIdentifier: 
  m_HorizontalFit: 0
  m_VerticalFit: 2
--- !u!1 &6994436933881956126
GameObject:
  m_ObjectHideFlags: 0
  m_CorrespondingSourceObject: {fileID: 0}
  m_PrefabInstance: {fileID: 0}
  m_PrefabAsset: {fileID: 0}
  serializedVersion: 6
  m_Component:
  - component: {fileID: 5344134281741528142}
  - component: {fileID: 9192874259801480821}
  m_Layer: 0
  m_Name: Root
  m_TagString: Untagged
  m_Icon: {fileID: 0}
  m_NavMeshLayer: 0
  m_StaticEditorFlags: 0
  m_IsActive: 1
--- !u!224 &5344134281741528142
RectTransform:
  m_ObjectHideFlags: 0
  m_CorrespondingSourceObject: {fileID: 0}
  m_PrefabInstance: {fileID: 0}
  m_PrefabAsset: {fileID: 0}
  m_GameObject: {fileID: 6994436933881956126}
  m_LocalRotation: {x: 0, y: 0, z: 0, w: 1}
  m_LocalPosition: {x: 0, y: 0, z: 0}
  m_LocalScale: {x: 1, y: 1, z: 1}
  m_Children:
  - {fileID: 6819459681419232689}
  - {fileID: 478465034479086771}
  m_Father: {fileID: 103960899793182772}
  m_RootOrder: 0
  m_LocalEulerAnglesHint: {x: 0, y: 0, z: 0}
  m_AnchorMin: {x: 0, y: 0}
  m_AnchorMax: {x: 1, y: 1}
  m_AnchoredPosition: {x: 0, y: 0}
  m_SizeDelta: {x: 0, y: 0}
  m_Pivot: {x: 0.5, y: 0.5}
--- !u!222 &9192874259801480821
CanvasRenderer:
  m_ObjectHideFlags: 0
  m_CorrespondingSourceObject: {fileID: 0}
  m_PrefabInstance: {fileID: 0}
  m_PrefabAsset: {fileID: 0}
  m_GameObject: {fileID: 6994436933881956126}
  m_CullTransparentMesh: 0
--- !u!1001 &1048147567739505247
PrefabInstance:
  m_ObjectHideFlags: 0
  serializedVersion: 2
  m_Modification:
    m_TransformParent: {fileID: 6819459681419232689}
    m_Modifications:
    - target: {fileID: 3300843546999919711, guid: 38549bababc649b42bc4310dd0ed91da,
        type: 3}
      propertyPath: m_Pivot.x
      value: 0.5
      objectReference: {fileID: 0}
    - target: {fileID: 3300843546999919711, guid: 38549bababc649b42bc4310dd0ed91da,
        type: 3}
      propertyPath: m_Pivot.y
      value: 0.5
      objectReference: {fileID: 0}
    - target: {fileID: 3300843546999919711, guid: 38549bababc649b42bc4310dd0ed91da,
        type: 3}
      propertyPath: m_RootOrder
      value: 0
      objectReference: {fileID: 0}
    - target: {fileID: 3300843546999919711, guid: 38549bababc649b42bc4310dd0ed91da,
        type: 3}
      propertyPath: m_AnchorMax.x
      value: 1
      objectReference: {fileID: 0}
    - target: {fileID: 3300843546999919711, guid: 38549bababc649b42bc4310dd0ed91da,
        type: 3}
      propertyPath: m_AnchorMax.y
      value: 1
      objectReference: {fileID: 0}
    - target: {fileID: 3300843546999919711, guid: 38549bababc649b42bc4310dd0ed91da,
        type: 3}
      propertyPath: m_AnchorMin.x
      value: 0
      objectReference: {fileID: 0}
    - target: {fileID: 3300843546999919711, guid: 38549bababc649b42bc4310dd0ed91da,
        type: 3}
      propertyPath: m_AnchorMin.y
      value: 0
      objectReference: {fileID: 0}
    - target: {fileID: 3300843546999919711, guid: 38549bababc649b42bc4310dd0ed91da,
        type: 3}
      propertyPath: m_SizeDelta.x
      value: 0
      objectReference: {fileID: 0}
    - target: {fileID: 3300843546999919711, guid: 38549bababc649b42bc4310dd0ed91da,
        type: 3}
      propertyPath: m_SizeDelta.y
      value: 0
      objectReference: {fileID: 0}
    - target: {fileID: 3300843546999919711, guid: 38549bababc649b42bc4310dd0ed91da,
        type: 3}
      propertyPath: m_LocalPosition.x
      value: 0
      objectReference: {fileID: 0}
    - target: {fileID: 3300843546999919711, guid: 38549bababc649b42bc4310dd0ed91da,
        type: 3}
      propertyPath: m_LocalPosition.y
      value: 0
      objectReference: {fileID: 0}
    - target: {fileID: 3300843546999919711, guid: 38549bababc649b42bc4310dd0ed91da,
        type: 3}
      propertyPath: m_LocalPosition.z
      value: 0
      objectReference: {fileID: 0}
    - target: {fileID: 3300843546999919711, guid: 38549bababc649b42bc4310dd0ed91da,
        type: 3}
      propertyPath: m_LocalRotation.w
      value: 1
      objectReference: {fileID: 0}
    - target: {fileID: 3300843546999919711, guid: 38549bababc649b42bc4310dd0ed91da,
        type: 3}
      propertyPath: m_LocalRotation.x
      value: 0
      objectReference: {fileID: 0}
    - target: {fileID: 3300843546999919711, guid: 38549bababc649b42bc4310dd0ed91da,
        type: 3}
      propertyPath: m_LocalRotation.y
      value: 0
      objectReference: {fileID: 0}
    - target: {fileID: 3300843546999919711, guid: 38549bababc649b42bc4310dd0ed91da,
        type: 3}
      propertyPath: m_LocalRotation.z
      value: 0
      objectReference: {fileID: 0}
    - target: {fileID: 3300843546999919711, guid: 38549bababc649b42bc4310dd0ed91da,
        type: 3}
      propertyPath: m_AnchoredPosition.x
      value: 0
      objectReference: {fileID: 0}
    - target: {fileID: 3300843546999919711, guid: 38549bababc649b42bc4310dd0ed91da,
        type: 3}
      propertyPath: m_AnchoredPosition.y
      value: 0
      objectReference: {fileID: 0}
    - target: {fileID: 3300843546999919711, guid: 38549bababc649b42bc4310dd0ed91da,
        type: 3}
      propertyPath: m_LocalEulerAnglesHint.x
      value: 0
      objectReference: {fileID: 0}
    - target: {fileID: 3300843546999919711, guid: 38549bababc649b42bc4310dd0ed91da,
        type: 3}
      propertyPath: m_LocalEulerAnglesHint.y
      value: 0
      objectReference: {fileID: 0}
    - target: {fileID: 3300843546999919711, guid: 38549bababc649b42bc4310dd0ed91da,
        type: 3}
      propertyPath: m_LocalEulerAnglesHint.z
      value: 0
      objectReference: {fileID: 0}
    - target: {fileID: 3857994932469324243, guid: 38549bababc649b42bc4310dd0ed91da,
        type: 3}
      propertyPath: m_text
      value: Divider
      objectReference: {fileID: 0}
    - target: {fileID: 3857994932469324243, guid: 38549bababc649b42bc4310dd0ed91da,
        type: 3}
      propertyPath: m_textInfo.lineCount
      value: 1
      objectReference: {fileID: 0}
    - target: {fileID: 3857994932469324243, guid: 38549bababc649b42bc4310dd0ed91da,
        type: 3}
      propertyPath: m_textInfo.pageCount
      value: 1
      objectReference: {fileID: 0}
    - target: {fileID: 3857994932469324243, guid: 38549bababc649b42bc4310dd0ed91da,
        type: 3}
      propertyPath: m_textInfo.wordCount
      value: 1
      objectReference: {fileID: 0}
    - target: {fileID: 3857994932469324243, guid: 38549bababc649b42bc4310dd0ed91da,
        type: 3}
      propertyPath: m_textInfo.spaceCount
      value: 0
      objectReference: {fileID: 0}
    - target: {fileID: 3857994932469324243, guid: 38549bababc649b42bc4310dd0ed91da,
        type: 3}
      propertyPath: m_textInfo.characterCount
      value: 7
      objectReference: {fileID: 0}
    - target: {fileID: 8806302799333030184, guid: 38549bababc649b42bc4310dd0ed91da,
        type: 3}
      propertyPath: m_Name
      value: Title2
      objectReference: {fileID: 0}
    m_RemovedComponents: []
  m_SourcePrefab: {fileID: 100100000, guid: 38549bababc649b42bc4310dd0ed91da, type: 3}
--- !u!224 &2541498172906118656 stripped
RectTransform:
  m_CorrespondingSourceObject: {fileID: 3300843546999919711, guid: 38549bababc649b42bc4310dd0ed91da,
    type: 3}
  m_PrefabInstance: {fileID: 1048147567739505247}
  m_PrefabAsset: {fileID: 0}
--- !u!1001 &3749014350849488903
PrefabInstance:
  m_ObjectHideFlags: 0
  serializedVersion: 2
  m_Modification:
    m_TransformParent: {fileID: 6396244750716881190}
    m_Modifications:
    - target: {fileID: 2622941967084498628, guid: 32563f57468562c4fbea3850005a5c9c,
        type: 3}
      propertyPath: m_textInfo.lineCount
      value: 1
      objectReference: {fileID: 0}
    - target: {fileID: 2622941967084498628, guid: 32563f57468562c4fbea3850005a5c9c,
        type: 3}
      propertyPath: m_textInfo.pageCount
      value: 1
      objectReference: {fileID: 0}
    - target: {fileID: 2622941967084498628, guid: 32563f57468562c4fbea3850005a5c9c,
        type: 3}
      propertyPath: m_textInfo.wordCount
      value: 1
      objectReference: {fileID: 0}
    - target: {fileID: 2622941967084498628, guid: 32563f57468562c4fbea3850005a5c9c,
        type: 3}
      propertyPath: m_textInfo.characterCount
      value: 1
      objectReference: {fileID: 0}
    - target: {fileID: 2656712922529065905, guid: 32563f57468562c4fbea3850005a5c9c,
        type: 3}
      propertyPath: m_textInfo.lineCount
      value: 1
      objectReference: {fileID: 0}
    - target: {fileID: 2656712922529065905, guid: 32563f57468562c4fbea3850005a5c9c,
        type: 3}
      propertyPath: m_textInfo.pageCount
      value: 1
      objectReference: {fileID: 0}
    - target: {fileID: 2656712922529065905, guid: 32563f57468562c4fbea3850005a5c9c,
        type: 3}
      propertyPath: m_textInfo.wordCount
      value: 1
      objectReference: {fileID: 0}
    - target: {fileID: 2656712922529065905, guid: 32563f57468562c4fbea3850005a5c9c,
        type: 3}
      propertyPath: m_textInfo.characterCount
      value: 1
      objectReference: {fileID: 0}
    - target: {fileID: 3277816616808009139, guid: 32563f57468562c4fbea3850005a5c9c,
        type: 3}
      propertyPath: m_textInfo.lineCount
      value: 1
      objectReference: {fileID: 0}
    - target: {fileID: 3277816616808009139, guid: 32563f57468562c4fbea3850005a5c9c,
        type: 3}
      propertyPath: m_textInfo.pageCount
      value: 1
      objectReference: {fileID: 0}
    - target: {fileID: 3277816616808009139, guid: 32563f57468562c4fbea3850005a5c9c,
        type: 3}
      propertyPath: m_textInfo.wordCount
      value: 1
      objectReference: {fileID: 0}
    - target: {fileID: 3277816616808009139, guid: 32563f57468562c4fbea3850005a5c9c,
        type: 3}
      propertyPath: m_textInfo.characterCount
      value: 1
      objectReference: {fileID: 0}
    - target: {fileID: 3298078968736319686, guid: 32563f57468562c4fbea3850005a5c9c,
        type: 3}
      propertyPath: m_textInfo.lineCount
      value: 1
      objectReference: {fileID: 0}
    - target: {fileID: 3298078968736319686, guid: 32563f57468562c4fbea3850005a5c9c,
        type: 3}
      propertyPath: m_textInfo.pageCount
      value: 1
      objectReference: {fileID: 0}
    - target: {fileID: 3298078968736319686, guid: 32563f57468562c4fbea3850005a5c9c,
        type: 3}
      propertyPath: m_textInfo.wordCount
      value: 1
      objectReference: {fileID: 0}
    - target: {fileID: 3298078968736319686, guid: 32563f57468562c4fbea3850005a5c9c,
        type: 3}
      propertyPath: m_textInfo.characterCount
      value: 1
      objectReference: {fileID: 0}
    - target: {fileID: 3563067694704705857, guid: 32563f57468562c4fbea3850005a5c9c,
        type: 3}
      propertyPath: m_AnchorMax.y
      value: 1
      objectReference: {fileID: 0}
    - target: {fileID: 3563067694704705857, guid: 32563f57468562c4fbea3850005a5c9c,
        type: 3}
      propertyPath: m_AnchorMin.y
      value: 1
      objectReference: {fileID: 0}
    - target: {fileID: 3563067694704705857, guid: 32563f57468562c4fbea3850005a5c9c,
        type: 3}
      propertyPath: m_SizeDelta.x
      value: 125
      objectReference: {fileID: 0}
    - target: {fileID: 3563067694704705857, guid: 32563f57468562c4fbea3850005a5c9c,
        type: 3}
      propertyPath: m_SizeDelta.y
      value: 120
      objectReference: {fileID: 0}
    - target: {fileID: 3563067694704705857, guid: 32563f57468562c4fbea3850005a5c9c,
        type: 3}
      propertyPath: m_AnchoredPosition.x
      value: 187.5
      objectReference: {fileID: 0}
    - target: {fileID: 3563067694704705857, guid: 32563f57468562c4fbea3850005a5c9c,
        type: 3}
      propertyPath: m_AnchoredPosition.y
      value: -60
      objectReference: {fileID: 0}
    - target: {fileID: 3715608431063029271, guid: 32563f57468562c4fbea3850005a5c9c,
        type: 3}
      propertyPath: m_textInfo.lineCount
      value: 1
      objectReference: {fileID: 0}
    - target: {fileID: 3715608431063029271, guid: 32563f57468562c4fbea3850005a5c9c,
        type: 3}
      propertyPath: m_textInfo.pageCount
      value: 1
      objectReference: {fileID: 0}
    - target: {fileID: 3715608431063029271, guid: 32563f57468562c4fbea3850005a5c9c,
        type: 3}
      propertyPath: m_textInfo.wordCount
      value: 2
      objectReference: {fileID: 0}
    - target: {fileID: 3715608431063029271, guid: 32563f57468562c4fbea3850005a5c9c,
        type: 3}
      propertyPath: m_textInfo.spaceCount
      value: 1
      objectReference: {fileID: 0}
    - target: {fileID: 3715608431063029271, guid: 32563f57468562c4fbea3850005a5c9c,
        type: 3}
      propertyPath: m_textInfo.characterCount
      value: 13
      objectReference: {fileID: 0}
    - target: {fileID: 4064819971827737142, guid: 32563f57468562c4fbea3850005a5c9c,
        type: 3}
      propertyPath: m_AnchorMax.y
      value: 1
      objectReference: {fileID: 0}
    - target: {fileID: 4064819971827737142, guid: 32563f57468562c4fbea3850005a5c9c,
        type: 3}
      propertyPath: m_AnchorMin.y
      value: 1
      objectReference: {fileID: 0}
    - target: {fileID: 4064819971827737142, guid: 32563f57468562c4fbea3850005a5c9c,
        type: 3}
      propertyPath: m_SizeDelta.x
      value: 125
      objectReference: {fileID: 0}
    - target: {fileID: 4064819971827737142, guid: 32563f57468562c4fbea3850005a5c9c,
        type: 3}
      propertyPath: m_SizeDelta.y
      value: 120
      objectReference: {fileID: 0}
    - target: {fileID: 4064819971827737142, guid: 32563f57468562c4fbea3850005a5c9c,
        type: 3}
      propertyPath: m_AnchoredPosition.x
      value: 62.5
      objectReference: {fileID: 0}
    - target: {fileID: 4064819971827737142, guid: 32563f57468562c4fbea3850005a5c9c,
        type: 3}
      propertyPath: m_AnchoredPosition.y
      value: -60
      objectReference: {fileID: 0}
    - target: {fileID: 4218699827846493536, guid: 32563f57468562c4fbea3850005a5c9c,
        type: 3}
      propertyPath: m_textInfo.lineCount
      value: 1
      objectReference: {fileID: 0}
    - target: {fileID: 4218699827846493536, guid: 32563f57468562c4fbea3850005a5c9c,
        type: 3}
      propertyPath: m_textInfo.pageCount
      value: 1
      objectReference: {fileID: 0}
    - target: {fileID: 4218699827846493536, guid: 32563f57468562c4fbea3850005a5c9c,
        type: 3}
      propertyPath: m_textInfo.wordCount
      value: 2
      objectReference: {fileID: 0}
    - target: {fileID: 4218699827846493536, guid: 32563f57468562c4fbea3850005a5c9c,
        type: 3}
      propertyPath: m_textInfo.spaceCount
      value: 1
      objectReference: {fileID: 0}
    - target: {fileID: 4218699827846493536, guid: 32563f57468562c4fbea3850005a5c9c,
        type: 3}
      propertyPath: m_textInfo.characterCount
      value: 13
      objectReference: {fileID: 0}
    - target: {fileID: 5335832150703572321, guid: 32563f57468562c4fbea3850005a5c9c,
        type: 3}
      propertyPath: m_AnchorMax.y
      value: 0
      objectReference: {fileID: 0}
    - target: {fileID: 5335832150703572321, guid: 32563f57468562c4fbea3850005a5c9c,
        type: 3}
      propertyPath: m_AnchorMin.y
      value: 0
      objectReference: {fileID: 0}
    - target: {fileID: 5335832150703572321, guid: 32563f57468562c4fbea3850005a5c9c,
        type: 3}
      propertyPath: m_SizeDelta.x
      value: 0
      objectReference: {fileID: 0}
    - target: {fileID: 5335832150703572321, guid: 32563f57468562c4fbea3850005a5c9c,
        type: 3}
      propertyPath: m_SizeDelta.y
      value: 0
      objectReference: {fileID: 0}
    - target: {fileID: 5335832150703572321, guid: 32563f57468562c4fbea3850005a5c9c,
        type: 3}
      propertyPath: m_AnchoredPosition.x
      value: 0
      objectReference: {fileID: 0}
    - target: {fileID: 5335832150703572321, guid: 32563f57468562c4fbea3850005a5c9c,
        type: 3}
      propertyPath: m_AnchoredPosition.y
      value: 0
      objectReference: {fileID: 0}
    - target: {fileID: 5335832151610141864, guid: 32563f57468562c4fbea3850005a5c9c,
        type: 3}
      propertyPath: m_AnchorMax.y
      value: 0
      objectReference: {fileID: 0}
    - target: {fileID: 5335832151610141864, guid: 32563f57468562c4fbea3850005a5c9c,
        type: 3}
      propertyPath: m_AnchorMin.y
      value: 0
      objectReference: {fileID: 0}
    - target: {fileID: 5335832151610141864, guid: 32563f57468562c4fbea3850005a5c9c,
        type: 3}
      propertyPath: m_SizeDelta.x
      value: 0
      objectReference: {fileID: 0}
    - target: {fileID: 5335832151610141864, guid: 32563f57468562c4fbea3850005a5c9c,
        type: 3}
      propertyPath: m_SizeDelta.y
      value: 0
      objectReference: {fileID: 0}
    - target: {fileID: 5335832151610141864, guid: 32563f57468562c4fbea3850005a5c9c,
        type: 3}
      propertyPath: m_AnchoredPosition.x
      value: 0
      objectReference: {fileID: 0}
    - target: {fileID: 5335832151610141864, guid: 32563f57468562c4fbea3850005a5c9c,
        type: 3}
      propertyPath: m_AnchoredPosition.y
      value: 0
      objectReference: {fileID: 0}
    - target: {fileID: 5335832151890296168, guid: 32563f57468562c4fbea3850005a5c9c,
        type: 3}
      propertyPath: m_Name
      value: OrientationEditor
      objectReference: {fileID: 0}
    - target: {fileID: 5335832151890296169, guid: 32563f57468562c4fbea3850005a5c9c,
        type: 3}
      propertyPath: m_Pivot.x
      value: 0.5
      objectReference: {fileID: 0}
    - target: {fileID: 5335832151890296169, guid: 32563f57468562c4fbea3850005a5c9c,
        type: 3}
      propertyPath: m_Pivot.y
      value: 0.5
      objectReference: {fileID: 0}
    - target: {fileID: 5335832151890296169, guid: 32563f57468562c4fbea3850005a5c9c,
        type: 3}
      propertyPath: m_RootOrder
      value: 2
      objectReference: {fileID: 0}
    - target: {fileID: 5335832151890296169, guid: 32563f57468562c4fbea3850005a5c9c,
        type: 3}
      propertyPath: m_AnchorMax.x
      value: 0
      objectReference: {fileID: 0}
    - target: {fileID: 5335832151890296169, guid: 32563f57468562c4fbea3850005a5c9c,
        type: 3}
      propertyPath: m_AnchorMax.y
      value: 0
      objectReference: {fileID: 0}
    - target: {fileID: 5335832151890296169, guid: 32563f57468562c4fbea3850005a5c9c,
        type: 3}
      propertyPath: m_AnchorMin.x
      value: 0
      objectReference: {fileID: 0}
    - target: {fileID: 5335832151890296169, guid: 32563f57468562c4fbea3850005a5c9c,
        type: 3}
      propertyPath: m_AnchorMin.y
      value: 0
      objectReference: {fileID: 0}
    - target: {fileID: 5335832151890296169, guid: 32563f57468562c4fbea3850005a5c9c,
        type: 3}
      propertyPath: m_SizeDelta.x
      value: 0
      objectReference: {fileID: 0}
    - target: {fileID: 5335832151890296169, guid: 32563f57468562c4fbea3850005a5c9c,
        type: 3}
      propertyPath: m_SizeDelta.y
      value: 0
      objectReference: {fileID: 0}
    - target: {fileID: 5335832151890296169, guid: 32563f57468562c4fbea3850005a5c9c,
        type: 3}
      propertyPath: m_LocalPosition.x
      value: 0
      objectReference: {fileID: 0}
    - target: {fileID: 5335832151890296169, guid: 32563f57468562c4fbea3850005a5c9c,
        type: 3}
      propertyPath: m_LocalPosition.y
      value: 0
      objectReference: {fileID: 0}
    - target: {fileID: 5335832151890296169, guid: 32563f57468562c4fbea3850005a5c9c,
        type: 3}
      propertyPath: m_LocalPosition.z
      value: 0
      objectReference: {fileID: 0}
    - target: {fileID: 5335832151890296169, guid: 32563f57468562c4fbea3850005a5c9c,
        type: 3}
      propertyPath: m_LocalRotation.w
      value: 1
      objectReference: {fileID: 0}
    - target: {fileID: 5335832151890296169, guid: 32563f57468562c4fbea3850005a5c9c,
        type: 3}
      propertyPath: m_LocalRotation.x
      value: -0
      objectReference: {fileID: 0}
    - target: {fileID: 5335832151890296169, guid: 32563f57468562c4fbea3850005a5c9c,
        type: 3}
      propertyPath: m_LocalRotation.y
      value: -0
      objectReference: {fileID: 0}
    - target: {fileID: 5335832151890296169, guid: 32563f57468562c4fbea3850005a5c9c,
        type: 3}
      propertyPath: m_LocalRotation.z
      value: -0
      objectReference: {fileID: 0}
    - target: {fileID: 5335832151890296169, guid: 32563f57468562c4fbea3850005a5c9c,
        type: 3}
      propertyPath: m_AnchoredPosition.x
      value: 0
      objectReference: {fileID: 0}
    - target: {fileID: 5335832151890296169, guid: 32563f57468562c4fbea3850005a5c9c,
        type: 3}
      propertyPath: m_AnchoredPosition.y
      value: 0
      objectReference: {fileID: 0}
    - target: {fileID: 5335832151890296169, guid: 32563f57468562c4fbea3850005a5c9c,
        type: 3}
      propertyPath: m_LocalEulerAnglesHint.x
      value: 0
      objectReference: {fileID: 0}
    - target: {fileID: 5335832151890296169, guid: 32563f57468562c4fbea3850005a5c9c,
        type: 3}
      propertyPath: m_LocalEulerAnglesHint.y
      value: 0
      objectReference: {fileID: 0}
    - target: {fileID: 5335832151890296169, guid: 32563f57468562c4fbea3850005a5c9c,
        type: 3}
      propertyPath: m_LocalEulerAnglesHint.z
      value: 0
      objectReference: {fileID: 0}
    - target: {fileID: 7321681751661669717, guid: 32563f57468562c4fbea3850005a5c9c,
        type: 3}
      propertyPath: m_textInfo.lineCount
      value: 1
      objectReference: {fileID: 0}
    - target: {fileID: 7321681751661669717, guid: 32563f57468562c4fbea3850005a5c9c,
        type: 3}
      propertyPath: m_textInfo.pageCount
      value: 1
      objectReference: {fileID: 0}
    - target: {fileID: 7321681751661669717, guid: 32563f57468562c4fbea3850005a5c9c,
        type: 3}
      propertyPath: m_textInfo.wordCount
      value: 1
      objectReference: {fileID: 0}
    - target: {fileID: 7321681751661669717, guid: 32563f57468562c4fbea3850005a5c9c,
        type: 3}
      propertyPath: m_textInfo.characterCount
      value: 1
      objectReference: {fileID: 0}
    - target: {fileID: 7818387251120770594, guid: 32563f57468562c4fbea3850005a5c9c,
        type: 3}
      propertyPath: m_textInfo.lineCount
      value: 1
      objectReference: {fileID: 0}
    - target: {fileID: 7818387251120770594, guid: 32563f57468562c4fbea3850005a5c9c,
        type: 3}
      propertyPath: m_textInfo.pageCount
      value: 1
      objectReference: {fileID: 0}
    - target: {fileID: 7818387251120770594, guid: 32563f57468562c4fbea3850005a5c9c,
        type: 3}
      propertyPath: m_textInfo.wordCount
      value: 1
      objectReference: {fileID: 0}
    - target: {fileID: 7818387251120770594, guid: 32563f57468562c4fbea3850005a5c9c,
        type: 3}
      propertyPath: m_textInfo.characterCount
      value: 1
      objectReference: {fileID: 0}
    m_RemovedComponents: []
  m_SourcePrefab: {fileID: 100100000, guid: 32563f57468562c4fbea3850005a5c9c, type: 3}
--- !u!224 &9082497806316258670 stripped
RectTransform:
  m_CorrespondingSourceObject: {fileID: 5335832151890296169, guid: 32563f57468562c4fbea3850005a5c9c,
    type: 3}
  m_PrefabInstance: {fileID: 3749014350849488903}
  m_PrefabAsset: {fileID: 0}
--- !u!114 &5059936236019304963 stripped
MonoBehaviour:
  m_CorrespondingSourceObject: {fileID: 8232489421173649924, guid: 32563f57468562c4fbea3850005a5c9c,
    type: 3}
  m_PrefabInstance: {fileID: 3749014350849488903}
  m_PrefabAsset: {fileID: 0}
  m_GameObject: {fileID: 0}
  m_Enabled: 1
  m_EditorHideFlags: 0
  m_Script: {fileID: 11500000, guid: 10879371c14f8b545a198e7ca3e0b8fa, type: 3}
  m_Name: 
  m_EditorClassIdentifier: 
--- !u!1001 &4999613004427237463
PrefabInstance:
  m_ObjectHideFlags: 0
  serializedVersion: 2
  m_Modification:
    m_TransformParent: {fileID: 6396244750716881190}
    m_Modifications:
    - target: {fileID: 227714972564718299, guid: e7cf7d3234d1dc8488c5908ea6830891,
        type: 3}
      propertyPath: m_textInfo.lineCount
      value: 1
      objectReference: {fileID: 0}
    - target: {fileID: 227714972564718299, guid: e7cf7d3234d1dc8488c5908ea6830891,
        type: 3}
      propertyPath: m_textInfo.pageCount
      value: 1
      objectReference: {fileID: 0}
    - target: {fileID: 227714972564718299, guid: e7cf7d3234d1dc8488c5908ea6830891,
        type: 3}
      propertyPath: m_textInfo.wordCount
      value: 2
      objectReference: {fileID: 0}
    - target: {fileID: 227714972564718299, guid: e7cf7d3234d1dc8488c5908ea6830891,
        type: 3}
      propertyPath: m_textInfo.spaceCount
      value: 1
      objectReference: {fileID: 0}
    - target: {fileID: 227714972564718299, guid: e7cf7d3234d1dc8488c5908ea6830891,
        type: 3}
      propertyPath: m_textInfo.characterCount
      value: 13
      objectReference: {fileID: 0}
    - target: {fileID: 530164320512780054, guid: e7cf7d3234d1dc8488c5908ea6830891,
        type: 3}
      propertyPath: m_textInfo.lineCount
      value: 1
      objectReference: {fileID: 0}
    - target: {fileID: 530164320512780054, guid: e7cf7d3234d1dc8488c5908ea6830891,
        type: 3}
      propertyPath: m_textInfo.pageCount
      value: 1
      objectReference: {fileID: 0}
    - target: {fileID: 530164320512780054, guid: e7cf7d3234d1dc8488c5908ea6830891,
        type: 3}
      propertyPath: m_textInfo.wordCount
      value: 1
      objectReference: {fileID: 0}
    - target: {fileID: 530164320512780054, guid: e7cf7d3234d1dc8488c5908ea6830891,
        type: 3}
      propertyPath: m_textInfo.characterCount
      value: 1
      objectReference: {fileID: 0}
    - target: {fileID: 568438862767055459, guid: e7cf7d3234d1dc8488c5908ea6830891,
        type: 3}
      propertyPath: m_textInfo.lineCount
      value: 1
      objectReference: {fileID: 0}
    - target: {fileID: 568438862767055459, guid: e7cf7d3234d1dc8488c5908ea6830891,
        type: 3}
      propertyPath: m_textInfo.pageCount
      value: 1
      objectReference: {fileID: 0}
    - target: {fileID: 568438862767055459, guid: e7cf7d3234d1dc8488c5908ea6830891,
        type: 3}
      propertyPath: m_textInfo.wordCount
      value: 1
      objectReference: {fileID: 0}
    - target: {fileID: 568438862767055459, guid: e7cf7d3234d1dc8488c5908ea6830891,
        type: 3}
      propertyPath: m_textInfo.characterCount
      value: 1
      objectReference: {fileID: 0}
    - target: {fileID: 1158957680312556208, guid: e7cf7d3234d1dc8488c5908ea6830891,
        type: 3}
      propertyPath: m_textInfo.lineCount
      value: 1
      objectReference: {fileID: 0}
    - target: {fileID: 1158957680312556208, guid: e7cf7d3234d1dc8488c5908ea6830891,
        type: 3}
      propertyPath: m_textInfo.pageCount
      value: 1
      objectReference: {fileID: 0}
    - target: {fileID: 1158957680312556208, guid: e7cf7d3234d1dc8488c5908ea6830891,
        type: 3}
      propertyPath: m_textInfo.wordCount
      value: 2
      objectReference: {fileID: 0}
    - target: {fileID: 1158957680312556208, guid: e7cf7d3234d1dc8488c5908ea6830891,
        type: 3}
      propertyPath: m_textInfo.spaceCount
      value: 1
      objectReference: {fileID: 0}
    - target: {fileID: 1158957680312556208, guid: e7cf7d3234d1dc8488c5908ea6830891,
        type: 3}
      propertyPath: m_textInfo.characterCount
      value: 13
      objectReference: {fileID: 0}
    - target: {fileID: 1470414227146522493, guid: e7cf7d3234d1dc8488c5908ea6830891,
        type: 3}
      propertyPath: m_textInfo.lineCount
      value: 1
      objectReference: {fileID: 0}
    - target: {fileID: 1470414227146522493, guid: e7cf7d3234d1dc8488c5908ea6830891,
        type: 3}
      propertyPath: m_textInfo.pageCount
      value: 1
      objectReference: {fileID: 0}
    - target: {fileID: 1470414227146522493, guid: e7cf7d3234d1dc8488c5908ea6830891,
        type: 3}
      propertyPath: m_textInfo.wordCount
      value: 1
      objectReference: {fileID: 0}
    - target: {fileID: 1470414227146522493, guid: e7cf7d3234d1dc8488c5908ea6830891,
        type: 3}
      propertyPath: m_textInfo.characterCount
      value: 1
      objectReference: {fileID: 0}
    - target: {fileID: 1504185178463828488, guid: e7cf7d3234d1dc8488c5908ea6830891,
        type: 3}
      propertyPath: m_textInfo.lineCount
      value: 1
      objectReference: {fileID: 0}
    - target: {fileID: 1504185178463828488, guid: e7cf7d3234d1dc8488c5908ea6830891,
        type: 3}
      propertyPath: m_textInfo.pageCount
      value: 1
      objectReference: {fileID: 0}
    - target: {fileID: 1504185178463828488, guid: e7cf7d3234d1dc8488c5908ea6830891,
        type: 3}
      propertyPath: m_textInfo.wordCount
      value: 1
      objectReference: {fileID: 0}
    - target: {fileID: 1504185178463828488, guid: e7cf7d3234d1dc8488c5908ea6830891,
        type: 3}
      propertyPath: m_textInfo.characterCount
      value: 1
      objectReference: {fileID: 0}
    - target: {fileID: 2411605172784828352, guid: e7cf7d3234d1dc8488c5908ea6830891,
        type: 3}
      propertyPath: m_AnchorMax.y
      value: 1
      objectReference: {fileID: 0}
    - target: {fileID: 2411605172784828352, guid: e7cf7d3234d1dc8488c5908ea6830891,
        type: 3}
      propertyPath: m_AnchorMin.y
      value: 1
      objectReference: {fileID: 0}
    - target: {fileID: 2411605172784828352, guid: e7cf7d3234d1dc8488c5908ea6830891,
        type: 3}
      propertyPath: m_SizeDelta.x
      value: 83.333336
      objectReference: {fileID: 0}
    - target: {fileID: 2411605172784828352, guid: e7cf7d3234d1dc8488c5908ea6830891,
        type: 3}
      propertyPath: m_SizeDelta.y
      value: 120
      objectReference: {fileID: 0}
    - target: {fileID: 2411605172784828352, guid: e7cf7d3234d1dc8488c5908ea6830891,
        type: 3}
      propertyPath: m_AnchoredPosition.x
      value: 125
      objectReference: {fileID: 0}
    - target: {fileID: 2411605172784828352, guid: e7cf7d3234d1dc8488c5908ea6830891,
        type: 3}
      propertyPath: m_AnchoredPosition.y
      value: -60
      objectReference: {fileID: 0}
    - target: {fileID: 2599064529328839843, guid: e7cf7d3234d1dc8488c5908ea6830891,
        type: 3}
      propertyPath: m_textInfo.lineCount
      value: 1
      objectReference: {fileID: 0}
    - target: {fileID: 2599064529328839843, guid: e7cf7d3234d1dc8488c5908ea6830891,
        type: 3}
      propertyPath: m_textInfo.pageCount
      value: 1
      objectReference: {fileID: 0}
    - target: {fileID: 2599064529328839843, guid: e7cf7d3234d1dc8488c5908ea6830891,
        type: 3}
      propertyPath: m_textInfo.wordCount
      value: 2
      objectReference: {fileID: 0}
    - target: {fileID: 2599064529328839843, guid: e7cf7d3234d1dc8488c5908ea6830891,
        type: 3}
      propertyPath: m_textInfo.spaceCount
      value: 1
      objectReference: {fileID: 0}
    - target: {fileID: 2599064529328839843, guid: e7cf7d3234d1dc8488c5908ea6830891,
        type: 3}
      propertyPath: m_textInfo.characterCount
      value: 13
      objectReference: {fileID: 0}
    - target: {fileID: 3599183942706714696, guid: e7cf7d3234d1dc8488c5908ea6830891,
        type: 3}
      propertyPath: m_AnchorMax.y
      value: 0
      objectReference: {fileID: 0}
    - target: {fileID: 3599183942706714696, guid: e7cf7d3234d1dc8488c5908ea6830891,
        type: 3}
      propertyPath: m_AnchorMin.y
      value: 0
      objectReference: {fileID: 0}
    - target: {fileID: 3599183942706714696, guid: e7cf7d3234d1dc8488c5908ea6830891,
        type: 3}
      propertyPath: m_SizeDelta.x
      value: 0
      objectReference: {fileID: 0}
    - target: {fileID: 3599183942706714696, guid: e7cf7d3234d1dc8488c5908ea6830891,
        type: 3}
      propertyPath: m_SizeDelta.y
      value: 0
      objectReference: {fileID: 0}
    - target: {fileID: 3599183942706714696, guid: e7cf7d3234d1dc8488c5908ea6830891,
        type: 3}
      propertyPath: m_AnchoredPosition.x
      value: 0
      objectReference: {fileID: 0}
    - target: {fileID: 3599183942706714696, guid: e7cf7d3234d1dc8488c5908ea6830891,
        type: 3}
      propertyPath: m_AnchoredPosition.y
      value: 0
      objectReference: {fileID: 0}
    - target: {fileID: 3599183943451873539, guid: e7cf7d3234d1dc8488c5908ea6830891,
        type: 3}
      propertyPath: m_AnchorMax.y
      value: 0
      objectReference: {fileID: 0}
    - target: {fileID: 3599183943451873539, guid: e7cf7d3234d1dc8488c5908ea6830891,
        type: 3}
      propertyPath: m_AnchorMin.y
      value: 0
      objectReference: {fileID: 0}
    - target: {fileID: 3599183943451873539, guid: e7cf7d3234d1dc8488c5908ea6830891,
        type: 3}
      propertyPath: m_SizeDelta.x
      value: 0
      objectReference: {fileID: 0}
    - target: {fileID: 3599183943451873539, guid: e7cf7d3234d1dc8488c5908ea6830891,
        type: 3}
      propertyPath: m_SizeDelta.y
      value: 0
      objectReference: {fileID: 0}
    - target: {fileID: 3599183943451873539, guid: e7cf7d3234d1dc8488c5908ea6830891,
        type: 3}
      propertyPath: m_AnchoredPosition.x
      value: 0
      objectReference: {fileID: 0}
    - target: {fileID: 3599183943451873539, guid: e7cf7d3234d1dc8488c5908ea6830891,
        type: 3}
      propertyPath: m_AnchoredPosition.y
      value: 0
      objectReference: {fileID: 0}
    - target: {fileID: 3599183943927996480, guid: e7cf7d3234d1dc8488c5908ea6830891,
        type: 3}
      propertyPath: m_Pivot.x
      value: 0.5
      objectReference: {fileID: 0}
    - target: {fileID: 3599183943927996480, guid: e7cf7d3234d1dc8488c5908ea6830891,
        type: 3}
      propertyPath: m_Pivot.y
      value: 0.5
      objectReference: {fileID: 0}
    - target: {fileID: 3599183943927996480, guid: e7cf7d3234d1dc8488c5908ea6830891,
        type: 3}
      propertyPath: m_RootOrder
      value: 1
      objectReference: {fileID: 0}
    - target: {fileID: 3599183943927996480, guid: e7cf7d3234d1dc8488c5908ea6830891,
        type: 3}
      propertyPath: m_AnchorMax.x
      value: 0
      objectReference: {fileID: 0}
    - target: {fileID: 3599183943927996480, guid: e7cf7d3234d1dc8488c5908ea6830891,
        type: 3}
      propertyPath: m_AnchorMax.y
      value: 0
      objectReference: {fileID: 0}
    - target: {fileID: 3599183943927996480, guid: e7cf7d3234d1dc8488c5908ea6830891,
        type: 3}
      propertyPath: m_AnchorMin.x
      value: 0
      objectReference: {fileID: 0}
    - target: {fileID: 3599183943927996480, guid: e7cf7d3234d1dc8488c5908ea6830891,
        type: 3}
      propertyPath: m_AnchorMin.y
      value: 0
      objectReference: {fileID: 0}
    - target: {fileID: 3599183943927996480, guid: e7cf7d3234d1dc8488c5908ea6830891,
        type: 3}
      propertyPath: m_SizeDelta.x
      value: 0
      objectReference: {fileID: 0}
    - target: {fileID: 3599183943927996480, guid: e7cf7d3234d1dc8488c5908ea6830891,
        type: 3}
      propertyPath: m_SizeDelta.y
      value: 0
      objectReference: {fileID: 0}
    - target: {fileID: 3599183943927996480, guid: e7cf7d3234d1dc8488c5908ea6830891,
        type: 3}
      propertyPath: m_LocalPosition.x
      value: 0
      objectReference: {fileID: 0}
    - target: {fileID: 3599183943927996480, guid: e7cf7d3234d1dc8488c5908ea6830891,
        type: 3}
      propertyPath: m_LocalPosition.y
      value: 0
      objectReference: {fileID: 0}
    - target: {fileID: 3599183943927996480, guid: e7cf7d3234d1dc8488c5908ea6830891,
        type: 3}
      propertyPath: m_LocalPosition.z
      value: 0
      objectReference: {fileID: 0}
    - target: {fileID: 3599183943927996480, guid: e7cf7d3234d1dc8488c5908ea6830891,
        type: 3}
      propertyPath: m_LocalRotation.w
      value: 1
      objectReference: {fileID: 0}
    - target: {fileID: 3599183943927996480, guid: e7cf7d3234d1dc8488c5908ea6830891,
        type: 3}
      propertyPath: m_LocalRotation.x
      value: -0
      objectReference: {fileID: 0}
    - target: {fileID: 3599183943927996480, guid: e7cf7d3234d1dc8488c5908ea6830891,
        type: 3}
      propertyPath: m_LocalRotation.y
      value: -0
      objectReference: {fileID: 0}
    - target: {fileID: 3599183943927996480, guid: e7cf7d3234d1dc8488c5908ea6830891,
        type: 3}
      propertyPath: m_LocalRotation.z
      value: -0
      objectReference: {fileID: 0}
    - target: {fileID: 3599183943927996480, guid: e7cf7d3234d1dc8488c5908ea6830891,
        type: 3}
      propertyPath: m_AnchoredPosition.x
      value: 0
      objectReference: {fileID: 0}
    - target: {fileID: 3599183943927996480, guid: e7cf7d3234d1dc8488c5908ea6830891,
        type: 3}
      propertyPath: m_AnchoredPosition.y
      value: 0
      objectReference: {fileID: 0}
    - target: {fileID: 3599183943927996480, guid: e7cf7d3234d1dc8488c5908ea6830891,
        type: 3}
      propertyPath: m_LocalEulerAnglesHint.x
      value: 0
      objectReference: {fileID: 0}
    - target: {fileID: 3599183943927996480, guid: e7cf7d3234d1dc8488c5908ea6830891,
        type: 3}
      propertyPath: m_LocalEulerAnglesHint.y
      value: 0
      objectReference: {fileID: 0}
    - target: {fileID: 3599183943927996480, guid: e7cf7d3234d1dc8488c5908ea6830891,
        type: 3}
      propertyPath: m_LocalEulerAnglesHint.z
      value: 0
      objectReference: {fileID: 0}
    - target: {fileID: 3599183943927996481, guid: e7cf7d3234d1dc8488c5908ea6830891,
        type: 3}
      propertyPath: m_Name
      value: SnappedRotationEditor
      objectReference: {fileID: 0}
    - target: {fileID: 3599183944149234049, guid: e7cf7d3234d1dc8488c5908ea6830891,
        type: 3}
      propertyPath: m_AnchorMax.y
      value: 0
      objectReference: {fileID: 0}
    - target: {fileID: 3599183944149234049, guid: e7cf7d3234d1dc8488c5908ea6830891,
        type: 3}
      propertyPath: m_AnchorMin.y
      value: 0
      objectReference: {fileID: 0}
    - target: {fileID: 3599183944149234049, guid: e7cf7d3234d1dc8488c5908ea6830891,
        type: 3}
      propertyPath: m_SizeDelta.x
      value: 0
      objectReference: {fileID: 0}
    - target: {fileID: 3599183944149234049, guid: e7cf7d3234d1dc8488c5908ea6830891,
        type: 3}
      propertyPath: m_SizeDelta.y
      value: 0
      objectReference: {fileID: 0}
    - target: {fileID: 3599183944149234049, guid: e7cf7d3234d1dc8488c5908ea6830891,
        type: 3}
      propertyPath: m_AnchoredPosition.x
      value: 0
      objectReference: {fileID: 0}
    - target: {fileID: 3599183944149234049, guid: e7cf7d3234d1dc8488c5908ea6830891,
        type: 3}
      propertyPath: m_AnchoredPosition.y
      value: 0
      objectReference: {fileID: 0}
    - target: {fileID: 3701764374940819717, guid: e7cf7d3234d1dc8488c5908ea6830891,
        type: 3}
      propertyPath: m_textInfo.lineCount
      value: 1
      objectReference: {fileID: 0}
    - target: {fileID: 3701764374940819717, guid: e7cf7d3234d1dc8488c5908ea6830891,
        type: 3}
      propertyPath: m_textInfo.pageCount
      value: 1
      objectReference: {fileID: 0}
    - target: {fileID: 3701764374940819717, guid: e7cf7d3234d1dc8488c5908ea6830891,
        type: 3}
      propertyPath: m_textInfo.wordCount
      value: 1
      objectReference: {fileID: 0}
    - target: {fileID: 3701764374940819717, guid: e7cf7d3234d1dc8488c5908ea6830891,
        type: 3}
      propertyPath: m_textInfo.characterCount
      value: 1
      objectReference: {fileID: 0}
    - target: {fileID: 3740040030732346480, guid: e7cf7d3234d1dc8488c5908ea6830891,
        type: 3}
      propertyPath: m_textInfo.lineCount
      value: 1
      objectReference: {fileID: 0}
    - target: {fileID: 3740040030732346480, guid: e7cf7d3234d1dc8488c5908ea6830891,
        type: 3}
      propertyPath: m_textInfo.pageCount
      value: 1
      objectReference: {fileID: 0}
    - target: {fileID: 3740040030732346480, guid: e7cf7d3234d1dc8488c5908ea6830891,
        type: 3}
      propertyPath: m_textInfo.wordCount
      value: 1
      objectReference: {fileID: 0}
    - target: {fileID: 3740040030732346480, guid: e7cf7d3234d1dc8488c5908ea6830891,
        type: 3}
      propertyPath: m_textInfo.characterCount
      value: 1
      objectReference: {fileID: 0}
    - target: {fileID: 4233526895304922878, guid: e7cf7d3234d1dc8488c5908ea6830891,
        type: 3}
      propertyPath: m_AnchorMax.y
      value: 1
      objectReference: {fileID: 0}
    - target: {fileID: 4233526895304922878, guid: e7cf7d3234d1dc8488c5908ea6830891,
        type: 3}
      propertyPath: m_AnchorMin.y
      value: 1
      objectReference: {fileID: 0}
    - target: {fileID: 4233526895304922878, guid: e7cf7d3234d1dc8488c5908ea6830891,
        type: 3}
      propertyPath: m_SizeDelta.x
      value: 83.333336
      objectReference: {fileID: 0}
    - target: {fileID: 4233526895304922878, guid: e7cf7d3234d1dc8488c5908ea6830891,
        type: 3}
      propertyPath: m_SizeDelta.y
      value: 120
      objectReference: {fileID: 0}
    - target: {fileID: 4233526895304922878, guid: e7cf7d3234d1dc8488c5908ea6830891,
        type: 3}
      propertyPath: m_AnchoredPosition.x
      value: 208.33334
      objectReference: {fileID: 0}
    - target: {fileID: 4233526895304922878, guid: e7cf7d3234d1dc8488c5908ea6830891,
        type: 3}
      propertyPath: m_AnchoredPosition.y
      value: -60
      objectReference: {fileID: 0}
    - target: {fileID: 5052714644536828402, guid: e7cf7d3234d1dc8488c5908ea6830891,
        type: 3}
      propertyPath: m_textInfo.lineCount
      value: 1
      objectReference: {fileID: 0}
    - target: {fileID: 5052714644536828402, guid: e7cf7d3234d1dc8488c5908ea6830891,
        type: 3}
      propertyPath: m_textInfo.pageCount
      value: 1
      objectReference: {fileID: 0}
    - target: {fileID: 5052714644536828402, guid: e7cf7d3234d1dc8488c5908ea6830891,
        type: 3}
      propertyPath: m_textInfo.wordCount
      value: 1
      objectReference: {fileID: 0}
    - target: {fileID: 5052714644536828402, guid: e7cf7d3234d1dc8488c5908ea6830891,
        type: 3}
      propertyPath: m_textInfo.characterCount
      value: 1
      objectReference: {fileID: 0}
    - target: {fileID: 6134651889099717017, guid: e7cf7d3234d1dc8488c5908ea6830891,
        type: 3}
      propertyPath: m_textInfo.lineCount
      value: 1
      objectReference: {fileID: 0}
    - target: {fileID: 6134651889099717017, guid: e7cf7d3234d1dc8488c5908ea6830891,
        type: 3}
      propertyPath: m_textInfo.pageCount
      value: 1
      objectReference: {fileID: 0}
    - target: {fileID: 6134651889099717017, guid: e7cf7d3234d1dc8488c5908ea6830891,
        type: 3}
      propertyPath: m_textInfo.wordCount
      value: 1
      objectReference: {fileID: 0}
    - target: {fileID: 6134651889099717017, guid: e7cf7d3234d1dc8488c5908ea6830891,
        type: 3}
      propertyPath: m_textInfo.characterCount
      value: 1
      objectReference: {fileID: 0}
    - target: {fileID: 7864022790485809318, guid: e7cf7d3234d1dc8488c5908ea6830891,
        type: 3}
      propertyPath: m_AnchorMax.y
      value: 1
      objectReference: {fileID: 0}
    - target: {fileID: 7864022790485809318, guid: e7cf7d3234d1dc8488c5908ea6830891,
        type: 3}
      propertyPath: m_AnchorMin.y
      value: 1
      objectReference: {fileID: 0}
    - target: {fileID: 7864022790485809318, guid: e7cf7d3234d1dc8488c5908ea6830891,
        type: 3}
      propertyPath: m_SizeDelta.x
      value: 83.333336
      objectReference: {fileID: 0}
    - target: {fileID: 7864022790485809318, guid: e7cf7d3234d1dc8488c5908ea6830891,
        type: 3}
      propertyPath: m_SizeDelta.y
      value: 120
      objectReference: {fileID: 0}
    - target: {fileID: 7864022790485809318, guid: e7cf7d3234d1dc8488c5908ea6830891,
        type: 3}
      propertyPath: m_AnchoredPosition.x
      value: 41.666668
      objectReference: {fileID: 0}
    - target: {fileID: 7864022790485809318, guid: e7cf7d3234d1dc8488c5908ea6830891,
        type: 3}
      propertyPath: m_AnchoredPosition.y
      value: -60
      objectReference: {fileID: 0}
    - target: {fileID: 8221905540482279393, guid: e7cf7d3234d1dc8488c5908ea6830891,
        type: 3}
      propertyPath: m_textInfo.lineCount
      value: 1
      objectReference: {fileID: 0}
    - target: {fileID: 8221905540482279393, guid: e7cf7d3234d1dc8488c5908ea6830891,
        type: 3}
      propertyPath: m_textInfo.pageCount
      value: 1
      objectReference: {fileID: 0}
    - target: {fileID: 8221905540482279393, guid: e7cf7d3234d1dc8488c5908ea6830891,
        type: 3}
      propertyPath: m_textInfo.wordCount
      value: 1
      objectReference: {fileID: 0}
    - target: {fileID: 8221905540482279393, guid: e7cf7d3234d1dc8488c5908ea6830891,
        type: 3}
      propertyPath: m_textInfo.characterCount
      value: 1
      objectReference: {fileID: 0}
    m_RemovedComponents: []
  m_SourcePrefab: {fileID: 100100000, guid: e7cf7d3234d1dc8488c5908ea6830891, type: 3}
--- !u!224 &8399476309990914071 stripped
RectTransform:
  m_CorrespondingSourceObject: {fileID: 3599183943927996480, guid: e7cf7d3234d1dc8488c5908ea6830891,
    type: 3}
  m_PrefabInstance: {fileID: 4999613004427237463}
  m_PrefabAsset: {fileID: 0}
--- !u!114 &6333247847578241821 stripped
MonoBehaviour:
  m_CorrespondingSourceObject: {fileID: 1334761851764314954, guid: e7cf7d3234d1dc8488c5908ea6830891,
    type: 3}
  m_PrefabInstance: {fileID: 4999613004427237463}
  m_PrefabAsset: {fileID: 0}
  m_GameObject: {fileID: 0}
  m_Enabled: 1
  m_EditorHideFlags: 0
  m_Script: {fileID: 11500000, guid: e5d7cc07095428b41bac96248f693d44, type: 3}
  m_Name: 
  m_EditorClassIdentifier: 
--- !u!1001 &5657782434434354446
PrefabInstance:
  m_ObjectHideFlags: 0
  serializedVersion: 2
  m_Modification:
    m_TransformParent: {fileID: 6396244750716881190}
    m_Modifications:
    - target: {fileID: 1371747368384697484, guid: 2c45325710546dc4a8fcf4473491f94d,
        type: 3}
      propertyPath: m_firstOverflowCharacterIndex
      value: -1
      objectReference: {fileID: 0}
    - target: {fileID: 2206028797202227644, guid: 2c45325710546dc4a8fcf4473491f94d,
        type: 3}
      propertyPath: m_firstOverflowCharacterIndex
      value: -1
      objectReference: {fileID: 0}
    - target: {fileID: 2602018312010433051, guid: 2c45325710546dc4a8fcf4473491f94d,
        type: 3}
      propertyPath: m_Pivot.x
      value: 0.5
      objectReference: {fileID: 0}
    - target: {fileID: 2602018312010433051, guid: 2c45325710546dc4a8fcf4473491f94d,
        type: 3}
      propertyPath: m_Pivot.y
      value: 0.5
      objectReference: {fileID: 0}
    - target: {fileID: 2602018312010433051, guid: 2c45325710546dc4a8fcf4473491f94d,
        type: 3}
      propertyPath: m_RootOrder
      value: 0
      objectReference: {fileID: 0}
    - target: {fileID: 2602018312010433051, guid: 2c45325710546dc4a8fcf4473491f94d,
        type: 3}
      propertyPath: m_AnchorMax.x
      value: 0
      objectReference: {fileID: 0}
    - target: {fileID: 2602018312010433051, guid: 2c45325710546dc4a8fcf4473491f94d,
        type: 3}
      propertyPath: m_AnchorMax.y
      value: 0
      objectReference: {fileID: 0}
    - target: {fileID: 2602018312010433051, guid: 2c45325710546dc4a8fcf4473491f94d,
        type: 3}
      propertyPath: m_AnchorMin.x
      value: 0
      objectReference: {fileID: 0}
    - target: {fileID: 2602018312010433051, guid: 2c45325710546dc4a8fcf4473491f94d,
        type: 3}
      propertyPath: m_AnchorMin.y
      value: 0
      objectReference: {fileID: 0}
    - target: {fileID: 2602018312010433051, guid: 2c45325710546dc4a8fcf4473491f94d,
        type: 3}
      propertyPath: m_SizeDelta.x
      value: 0
      objectReference: {fileID: 0}
    - target: {fileID: 2602018312010433051, guid: 2c45325710546dc4a8fcf4473491f94d,
        type: 3}
      propertyPath: m_SizeDelta.y
      value: 0
      objectReference: {fileID: 0}
    - target: {fileID: 2602018312010433051, guid: 2c45325710546dc4a8fcf4473491f94d,
        type: 3}
      propertyPath: m_LocalPosition.x
      value: 0
      objectReference: {fileID: 0}
    - target: {fileID: 2602018312010433051, guid: 2c45325710546dc4a8fcf4473491f94d,
        type: 3}
      propertyPath: m_LocalPosition.y
      value: 0
      objectReference: {fileID: 0}
    - target: {fileID: 2602018312010433051, guid: 2c45325710546dc4a8fcf4473491f94d,
        type: 3}
      propertyPath: m_LocalPosition.z
      value: 0
      objectReference: {fileID: 0}
    - target: {fileID: 2602018312010433051, guid: 2c45325710546dc4a8fcf4473491f94d,
        type: 3}
      propertyPath: m_LocalRotation.w
      value: 1
      objectReference: {fileID: 0}
    - target: {fileID: 2602018312010433051, guid: 2c45325710546dc4a8fcf4473491f94d,
        type: 3}
      propertyPath: m_LocalRotation.x
      value: -0
      objectReference: {fileID: 0}
    - target: {fileID: 2602018312010433051, guid: 2c45325710546dc4a8fcf4473491f94d,
        type: 3}
      propertyPath: m_LocalRotation.y
      value: -0
      objectReference: {fileID: 0}
    - target: {fileID: 2602018312010433051, guid: 2c45325710546dc4a8fcf4473491f94d,
        type: 3}
      propertyPath: m_LocalRotation.z
      value: -0
      objectReference: {fileID: 0}
    - target: {fileID: 2602018312010433051, guid: 2c45325710546dc4a8fcf4473491f94d,
        type: 3}
      propertyPath: m_AnchoredPosition.x
      value: 0
      objectReference: {fileID: 0}
    - target: {fileID: 2602018312010433051, guid: 2c45325710546dc4a8fcf4473491f94d,
        type: 3}
      propertyPath: m_AnchoredPosition.y
      value: 0
      objectReference: {fileID: 0}
    - target: {fileID: 2602018312010433051, guid: 2c45325710546dc4a8fcf4473491f94d,
        type: 3}
      propertyPath: m_LocalEulerAnglesHint.x
      value: 0
      objectReference: {fileID: 0}
    - target: {fileID: 2602018312010433051, guid: 2c45325710546dc4a8fcf4473491f94d,
        type: 3}
      propertyPath: m_LocalEulerAnglesHint.y
      value: 0
      objectReference: {fileID: 0}
    - target: {fileID: 2602018312010433051, guid: 2c45325710546dc4a8fcf4473491f94d,
        type: 3}
      propertyPath: m_LocalEulerAnglesHint.z
      value: 0
      objectReference: {fileID: 0}
    - target: {fileID: 2725244690304830403, guid: 2c45325710546dc4a8fcf4473491f94d,
        type: 3}
      propertyPath: m_firstOverflowCharacterIndex
      value: -1
      objectReference: {fileID: 0}
    - target: {fileID: 2902021222604963571, guid: 2c45325710546dc4a8fcf4473491f94d,
        type: 3}
      propertyPath: m_firstOverflowCharacterIndex
      value: -1
      objectReference: {fileID: 0}
    - target: {fileID: 3624853670564567564, guid: 2c45325710546dc4a8fcf4473491f94d,
        type: 3}
      propertyPath: m_Name
      value: SnappedPosition
      objectReference: {fileID: 0}
    - target: {fileID: 3989377882226684533, guid: 2c45325710546dc4a8fcf4473491f94d,
        type: 3}
      propertyPath: m_firstOverflowCharacterIndex
      value: -1
      objectReference: {fileID: 0}
    - target: {fileID: 4235936142002423621, guid: 2c45325710546dc4a8fcf4473491f94d,
        type: 3}
      propertyPath: m_firstOverflowCharacterIndex
      value: -1
      objectReference: {fileID: 0}
    - target: {fileID: 4962857220492896341, guid: 2c45325710546dc4a8fcf4473491f94d,
        type: 3}
      propertyPath: m_firstOverflowCharacterIndex
      value: -1
      objectReference: {fileID: 0}
    - target: {fileID: 5435099504246907698, guid: 2c45325710546dc4a8fcf4473491f94d,
        type: 3}
      propertyPath: m_AnchorMax.y
      value: 0
      objectReference: {fileID: 0}
    - target: {fileID: 5435099504246907698, guid: 2c45325710546dc4a8fcf4473491f94d,
        type: 3}
      propertyPath: m_AnchorMin.y
      value: 0
      objectReference: {fileID: 0}
    - target: {fileID: 5435099504246907698, guid: 2c45325710546dc4a8fcf4473491f94d,
        type: 3}
      propertyPath: m_SizeDelta.x
      value: 0
      objectReference: {fileID: 0}
    - target: {fileID: 5435099504246907698, guid: 2c45325710546dc4a8fcf4473491f94d,
        type: 3}
      propertyPath: m_SizeDelta.y
      value: 0
      objectReference: {fileID: 0}
    - target: {fileID: 5435099504246907698, guid: 2c45325710546dc4a8fcf4473491f94d,
        type: 3}
      propertyPath: m_AnchoredPosition.x
      value: 0
      objectReference: {fileID: 0}
    - target: {fileID: 5435099504246907698, guid: 2c45325710546dc4a8fcf4473491f94d,
        type: 3}
      propertyPath: m_AnchoredPosition.y
      value: 0
      objectReference: {fileID: 0}
    - target: {fileID: 5565398173478079502, guid: 2c45325710546dc4a8fcf4473491f94d,
        type: 3}
      propertyPath: m_textInfo.lineCount
      value: 1
      objectReference: {fileID: 0}
    - target: {fileID: 5565398173478079502, guid: 2c45325710546dc4a8fcf4473491f94d,
        type: 3}
      propertyPath: m_firstOverflowCharacterIndex
      value: -1
      objectReference: {fileID: 0}
    - target: {fileID: 5569653153905775130, guid: 2c45325710546dc4a8fcf4473491f94d,
        type: 3}
      propertyPath: m_firstOverflowCharacterIndex
      value: -1
      objectReference: {fileID: 0}
    - target: {fileID: 5854517362830657775, guid: 2c45325710546dc4a8fcf4473491f94d,
        type: 3}
      propertyPath: m_textInfo.spaceCount
      value: 0
      objectReference: {fileID: 0}
    - target: {fileID: 6219613808256504291, guid: 2c45325710546dc4a8fcf4473491f94d,
        type: 3}
      propertyPath: m_firstOverflowCharacterIndex
      value: -1
      objectReference: {fileID: 0}
    - target: {fileID: 6434878231430582843, guid: 2c45325710546dc4a8fcf4473491f94d,
        type: 3}
      propertyPath: m_firstOverflowCharacterIndex
      value: -1
      objectReference: {fileID: 0}
    - target: {fileID: 6476817986610109060, guid: 2c45325710546dc4a8fcf4473491f94d,
        type: 3}
      propertyPath: m_AnchorMax.y
      value: 0
      objectReference: {fileID: 0}
    - target: {fileID: 6476817986610109060, guid: 2c45325710546dc4a8fcf4473491f94d,
        type: 3}
      propertyPath: m_AnchorMin.y
      value: 0
      objectReference: {fileID: 0}
    - target: {fileID: 6476817986610109060, guid: 2c45325710546dc4a8fcf4473491f94d,
        type: 3}
      propertyPath: m_SizeDelta.x
      value: 0
      objectReference: {fileID: 0}
    - target: {fileID: 6476817986610109060, guid: 2c45325710546dc4a8fcf4473491f94d,
        type: 3}
      propertyPath: m_SizeDelta.y
      value: 0
      objectReference: {fileID: 0}
    - target: {fileID: 6476817986610109060, guid: 2c45325710546dc4a8fcf4473491f94d,
        type: 3}
      propertyPath: m_AnchoredPosition.x
      value: 0
      objectReference: {fileID: 0}
    - target: {fileID: 6476817986610109060, guid: 2c45325710546dc4a8fcf4473491f94d,
        type: 3}
      propertyPath: m_AnchoredPosition.y
      value: 0
      objectReference: {fileID: 0}
    - target: {fileID: 6900780852129065900, guid: 2c45325710546dc4a8fcf4473491f94d,
        type: 3}
      propertyPath: m_firstOverflowCharacterIndex
      value: -1
      objectReference: {fileID: 0}
    - target: {fileID: 6956916436148702892, guid: 2c45325710546dc4a8fcf4473491f94d,
        type: 3}
      propertyPath: m_firstOverflowCharacterIndex
      value: -1
      objectReference: {fileID: 0}
    - target: {fileID: 8040659013854449012, guid: 2c45325710546dc4a8fcf4473491f94d,
        type: 3}
      propertyPath: m_firstOverflowCharacterIndex
      value: -1
      objectReference: {fileID: 0}
    - target: {fileID: 8903631191512845653, guid: 2c45325710546dc4a8fcf4473491f94d,
        type: 3}
      propertyPath: m_firstOverflowCharacterIndex
      value: -1
      objectReference: {fileID: 0}
    - target: {fileID: 9014294759146927298, guid: 2c45325710546dc4a8fcf4473491f94d,
        type: 3}
      propertyPath: m_firstOverflowCharacterIndex
      value: -1
      objectReference: {fileID: 0}
    - target: {fileID: 9058486378480794749, guid: 2c45325710546dc4a8fcf4473491f94d,
        type: 3}
      propertyPath: m_AnchorMax.y
      value: 0
      objectReference: {fileID: 0}
    - target: {fileID: 9058486378480794749, guid: 2c45325710546dc4a8fcf4473491f94d,
        type: 3}
      propertyPath: m_AnchorMin.y
      value: 0
      objectReference: {fileID: 0}
    - target: {fileID: 9058486378480794749, guid: 2c45325710546dc4a8fcf4473491f94d,
        type: 3}
      propertyPath: m_SizeDelta.x
      value: 0
      objectReference: {fileID: 0}
    - target: {fileID: 9058486378480794749, guid: 2c45325710546dc4a8fcf4473491f94d,
        type: 3}
      propertyPath: m_SizeDelta.y
      value: 0
      objectReference: {fileID: 0}
    - target: {fileID: 9058486378480794749, guid: 2c45325710546dc4a8fcf4473491f94d,
        type: 3}
      propertyPath: m_AnchoredPosition.x
      value: 0
      objectReference: {fileID: 0}
    - target: {fileID: 9058486378480794749, guid: 2c45325710546dc4a8fcf4473491f94d,
        type: 3}
      propertyPath: m_AnchoredPosition.y
      value: 0
      objectReference: {fileID: 0}
    m_RemovedComponents: []
  m_SourcePrefab: {fileID: 100100000, guid: 2c45325710546dc4a8fcf4473491f94d, type: 3}
--- !u!224 &7680962813482110741 stripped
RectTransform:
  m_CorrespondingSourceObject: {fileID: 2602018312010433051, guid: 2c45325710546dc4a8fcf4473491f94d,
    type: 3}
  m_PrefabInstance: {fileID: 5657782434434354446}
  m_PrefabAsset: {fileID: 0}
--- !u!114 &6844598415201953864 stripped
MonoBehaviour:
  m_CorrespondingSourceObject: {fileID: 1186873166534272326, guid: 2c45325710546dc4a8fcf4473491f94d,
    type: 3}
  m_PrefabInstance: {fileID: 5657782434434354446}
  m_PrefabAsset: {fileID: 0}
  m_GameObject: {fileID: 0}
  m_Enabled: 1
  m_EditorHideFlags: 0
  m_Script: {fileID: 11500000, guid: 4f6af28a7b832ed42a6c596fb6c3a2d1, type: 3}
  m_Name: 
  m_EditorClassIdentifier: 
