%YAML 1.1
%TAG !u! tag:unity3d.com,2011:
--- !u!1 &239621933713163779
GameObject:
  m_ObjectHideFlags: 0
  m_CorrespondingSourceObject: {fileID: 0}
  m_PrefabInstance: {fileID: 0}
  m_PrefabAsset: {fileID: 0}
  serializedVersion: 6
  m_Component:
  - component: {fileID: 5061783921323684377}
  - component: {fileID: 3072547785744241167}
  - component: {fileID: 8309691455612827581}
  - component: {fileID: 2015370865530149294}
  - component: {fileID: 4228177536773347064}
  m_Layer: 9
  m_Name: MonoReceiver
  m_TagString: Untagged
  m_Icon: {fileID: 0}
  m_NavMeshLayer: 0
  m_StaticEditorFlags: 0
  m_IsActive: 1
--- !u!4 &5061783921323684377
Transform:
  m_ObjectHideFlags: 0
  m_CorrespondingSourceObject: {fileID: 0}
  m_PrefabInstance: {fileID: 0}
  m_PrefabAsset: {fileID: 0}
  m_GameObject: {fileID: 239621933713163779}
  m_LocalRotation: {x: -0, y: -0, z: -0, w: 1}
  m_LocalPosition: {x: 0, y: 0, z: 0}
  m_LocalScale: {x: 0.5, y: 0.5, z: 0.5}
  m_Children:
  - {fileID: 3189613905960462574}
  m_Father: {fileID: 0}
  m_RootOrder: 0
  m_LocalEulerAnglesHint: {x: 0, y: 0, z: 0}
--- !u!33 &3072547785744241167
MeshFilter:
  m_ObjectHideFlags: 0
  m_CorrespondingSourceObject: {fileID: 0}
  m_PrefabInstance: {fileID: 0}
  m_PrefabAsset: {fileID: 0}
  m_GameObject: {fileID: 239621933713163779}
  m_Mesh: {fileID: 10207, guid: 0000000000000000e000000000000000, type: 0}
--- !u!135 &8309691455612827581
SphereCollider:
  m_ObjectHideFlags: 0
  m_CorrespondingSourceObject: {fileID: 0}
  m_PrefabInstance: {fileID: 0}
  m_PrefabAsset: {fileID: 0}
  m_GameObject: {fileID: 239621933713163779}
  m_Material: {fileID: 0}
  m_IsTrigger: 0
  m_Enabled: 1
  serializedVersion: 2
  m_Radius: 0.5
  m_Center: {x: 0, y: 0, z: 0}
--- !u!114 &2015370865530149294
MonoBehaviour:
  m_ObjectHideFlags: 0
  m_CorrespondingSourceObject: {fileID: 0}
  m_PrefabInstance: {fileID: 0}
  m_PrefabAsset: {fileID: 0}
  m_GameObject: {fileID: 239621933713163779}
  m_Enabled: 1
  m_EditorHideFlags: 0
  m_Script: {fileID: 11500000, guid: 7740cc48dee15864f8b8044902c65554, type: 3}
  m_Name: 
  m_EditorClassIdentifier: 
--- !u!114 &4228177536773347064
MonoBehaviour:
  m_ObjectHideFlags: 0
  m_CorrespondingSourceObject: {fileID: 0}
  m_PrefabInstance: {fileID: 0}
  m_PrefabAsset: {fileID: 0}
  m_GameObject: {fileID: 239621933713163779}
  m_Enabled: 1
  m_EditorHideFlags: 0
  m_Script: {fileID: 11500000, guid: d0c19cca4a0b15e488bd5f87cc47499b, type: 3}
  m_Name: 
  m_EditorClassIdentifier: 
  _subParts:
  - ObjectField: {fileID: 8752717813723267925}
    ResultType: 
  - ObjectField: {fileID: 5849360741327943237}
    ResultType: 
--- !u!1001 &2494894380529744139
PrefabInstance:
  m_ObjectHideFlags: 0
  serializedVersion: 2
  m_Modification:
    m_TransformParent: {fileID: 5061783921323684377}
    m_Modifications:
    - target: {fileID: 1070851529197261285, guid: b69e0aaec5686074c90b7b4dd02e6f45,
        type: 3}
      propertyPath: m_LocalPosition.x
      value: 0
      objectReference: {fileID: 0}
    - target: {fileID: 1070851529197261285, guid: b69e0aaec5686074c90b7b4dd02e6f45,
        type: 3}
      propertyPath: m_LocalPosition.y
      value: 0
      objectReference: {fileID: 0}
    - target: {fileID: 1070851529197261285, guid: b69e0aaec5686074c90b7b4dd02e6f45,
        type: 3}
      propertyPath: m_LocalPosition.z
      value: 0
      objectReference: {fileID: 0}
    - target: {fileID: 1070851529197261285, guid: b69e0aaec5686074c90b7b4dd02e6f45,
        type: 3}
      propertyPath: m_LocalRotation.x
      value: 0
      objectReference: {fileID: 0}
    - target: {fileID: 1070851529197261285, guid: b69e0aaec5686074c90b7b4dd02e6f45,
        type: 3}
      propertyPath: m_LocalRotation.y
      value: 0
      objectReference: {fileID: 0}
    - target: {fileID: 1070851529197261285, guid: b69e0aaec5686074c90b7b4dd02e6f45,
        type: 3}
      propertyPath: m_LocalRotation.z
      value: 0
      objectReference: {fileID: 0}
    - target: {fileID: 1070851529197261285, guid: b69e0aaec5686074c90b7b4dd02e6f45,
        type: 3}
      propertyPath: m_LocalRotation.w
      value: 1
      objectReference: {fileID: 0}
    - target: {fileID: 1070851529197261285, guid: b69e0aaec5686074c90b7b4dd02e6f45,
        type: 3}
      propertyPath: m_RootOrder
      value: 0
      objectReference: {fileID: 0}
    - target: {fileID: 1070851529197261285, guid: b69e0aaec5686074c90b7b4dd02e6f45,
        type: 3}
      propertyPath: m_LocalEulerAnglesHint.x
      value: 0
      objectReference: {fileID: 0}
    - target: {fileID: 1070851529197261285, guid: b69e0aaec5686074c90b7b4dd02e6f45,
        type: 3}
      propertyPath: m_LocalEulerAnglesHint.y
      value: 0
      objectReference: {fileID: 0}
    - target: {fileID: 1070851529197261285, guid: b69e0aaec5686074c90b7b4dd02e6f45,
        type: 3}
      propertyPath: m_LocalEulerAnglesHint.z
      value: 0
      objectReference: {fileID: 0}
    - target: {fileID: 4073281640488133622, guid: b69e0aaec5686074c90b7b4dd02e6f45,
        type: 3}
      propertyPath: m_Name
      value: ColoredSphere
      objectReference: {fileID: 0}
    - target: {fileID: 6030840477404733453, guid: b69e0aaec5686074c90b7b4dd02e6f45,
        type: 3}
      propertyPath: _colorProvider.ObjectField
      value: 
      objectReference: {fileID: 2015370865530149294}
    - target: {fileID: 8336936563432771406, guid: b69e0aaec5686074c90b7b4dd02e6f45,
        type: 3}
      propertyPath: _colorProvider.ObjectField
      value: 
      objectReference: {fileID: 2015370865530149294}
    m_RemovedComponents: []
  m_SourcePrefab: {fileID: 100100000, guid: b69e0aaec5686074c90b7b4dd02e6f45, type: 3}
--- !u!4 &3189613905960462574 stripped
Transform:
  m_CorrespondingSourceObject: {fileID: 1070851529197261285, guid: b69e0aaec5686074c90b7b4dd02e6f45,
    type: 3}
  m_PrefabInstance: {fileID: 2494894380529744139}
  m_PrefabAsset: {fileID: 0}
--- !u!114 &8752717813723267925 stripped
MonoBehaviour:
  m_CorrespondingSourceObject: {fileID: 6622617203829275230, guid: b69e0aaec5686074c90b7b4dd02e6f45,
    type: 3}
  m_PrefabInstance: {fileID: 2494894380529744139}
  m_PrefabAsset: {fileID: 0}
  m_GameObject: {fileID: 0}
  m_Enabled: 1
  m_EditorHideFlags: 0
  m_Script: {fileID: 11500000, guid: d0c19cca4a0b15e488bd5f87cc47499b, type: 3}
  m_Name: 
  m_EditorClassIdentifier: 
--- !u!114 &5849360741327943237 stripped
MonoBehaviour:
  m_CorrespondingSourceObject: {fileID: 8336936563432771406, guid: b69e0aaec5686074c90b7b4dd02e6f45,
    type: 3}
  m_PrefabInstance: {fileID: 2494894380529744139}
  m_PrefabAsset: {fileID: 0}
  m_GameObject: {fileID: 0}
  m_Enabled: 1
  m_EditorHideFlags: 0
  m_Script: {fileID: 11500000, guid: d54ef349ce8250746baef76d66d18481, type: 3}
  m_Name: 
  m_EditorClassIdentifier: 
