%YAML 1.1
%TAG !u! tag:unity3d.com,2011:
--- !u!1 &1263471843147975
GameObject:
  m_ObjectHideFlags: 0
  m_CorrespondingSourceObject: {fileID: 0}
  m_PrefabInstance: {fileID: 0}
  m_PrefabAsset: {fileID: 0}
  serializedVersion: 6
  m_Component:
  - component: {fileID: 4709344240125167}
  - component: {fileID: 4150455759417442789}
  m_Layer: 9
  m_Name: Billboard
  m_TagString: Untagged
  m_Icon: {fileID: 0}
  m_NavMeshLayer: 0
  m_StaticEditorFlags: 0
  m_IsActive: 1
--- !u!4 &4709344240125167
Transform:
  m_ObjectHideFlags: 0
  m_CorrespondingSourceObject: {fileID: 0}
  m_PrefabInstance: {fileID: 0}
  m_PrefabAsset: {fileID: 0}
  m_GameObject: {fileID: 1263471843147975}
  m_LocalRotation: {x: 0, y: 0, z: 0, w: 1}
  m_LocalPosition: {x: 0, y: 0, z: 0}
  m_LocalScale: {x: 1, y: 1, z: 1}
  m_ConstrainProportionsScale: 0
  m_Children:
  - {fileID: 2353099220278715895}
  m_Father: {fileID: 0}
  m_RootOrder: 0
  m_LocalEulerAnglesHint: {x: 0, y: 0, z: 0}
--- !u!114 &4150455759417442789
MonoBehaviour:
  m_ObjectHideFlags: 0
  m_CorrespondingSourceObject: {fileID: 0}
  m_PrefabInstance: {fileID: 0}
  m_PrefabAsset: {fileID: 0}
  m_GameObject: {fileID: 1263471843147975}
  m_Enabled: 1
  m_EditorHideFlags: 0
  m_Script: {fileID: 11500000, guid: 947cc1d2de540e846a90be8bc5b65f52, type: 3}
  m_Name: 
  m_EditorClassIdentifier: 
  _translationRoot: {fileID: 1263471843147975}
  _rotationRoot: {fileID: 905429928753378221}
  _frontTextField: {fileID: 5497656847784689681}
  _backTextField: {fileID: 2330473225717077016}
--- !u!1 &905429928753378221
GameObject:
  m_ObjectHideFlags: 0
  m_CorrespondingSourceObject: {fileID: 0}
  m_PrefabInstance: {fileID: 0}
  m_PrefabAsset: {fileID: 0}
  serializedVersion: 6
  m_Component:
  - component: {fileID: 2353099220278715895}
  m_Layer: 9
  m_Name: RotationRoot
  m_TagString: Untagged
  m_Icon: {fileID: 0}
  m_NavMeshLayer: 0
  m_StaticEditorFlags: 0
  m_IsActive: 1
--- !u!4 &2353099220278715895
Transform:
  m_ObjectHideFlags: 0
  m_CorrespondingSourceObject: {fileID: 0}
  m_PrefabInstance: {fileID: 0}
  m_PrefabAsset: {fileID: 0}
  m_GameObject: {fileID: 905429928753378221}
  m_LocalRotation: {x: 0, y: 0, z: 0, w: 1}
  m_LocalPosition: {x: 0.5, y: 0.5, z: 0.5}
  m_LocalScale: {x: 1, y: 1, z: 1}
  m_ConstrainProportionsScale: 0
  m_Children:
  - {fileID: 5219302336399435282}
  - {fileID: 7559027663927857321}
  m_Father: {fileID: 4709344240125167}
  m_RootOrder: 0
  m_LocalEulerAnglesHint: {x: 0, y: 0, z: 0}
--- !u!1 &7333675380702427509
GameObject:
  m_ObjectHideFlags: 0
  m_CorrespondingSourceObject: {fileID: 0}
  m_PrefabInstance: {fileID: 0}
  m_PrefabAsset: {fileID: 0}
  serializedVersion: 6
  m_Component:
  - component: {fileID: 5219302336399435282}
  - component: {fileID: 4500064359779821083}
  - component: {fileID: 7079449795763436727}
  - component: {fileID: 928840797570038513}
  m_Layer: 9
  m_Name: Canvas
  m_TagString: Untagged
  m_Icon: {fileID: 0}
  m_NavMeshLayer: 0
  m_StaticEditorFlags: 0
  m_IsActive: 1
--- !u!224 &5219302336399435282
RectTransform:
  m_ObjectHideFlags: 0
  m_CorrespondingSourceObject: {fileID: 0}
  m_PrefabInstance: {fileID: 0}
  m_PrefabAsset: {fileID: 0}
  m_GameObject: {fileID: 7333675380702427509}
  m_LocalRotation: {x: -0, y: -0, z: -0, w: 1}
  m_LocalPosition: {x: 0, y: 0, z: -0.513}
  m_LocalScale: {x: 0.01, y: 0.01, z: 0.01}
  m_ConstrainProportionsScale: 0
  m_Children:
  - {fileID: 8267802334873168337}
  - {fileID: 2207109752987401688}
  m_Father: {fileID: 2353099220278715895}
  m_RootOrder: 0
  m_LocalEulerAnglesHint: {x: 0, y: 0, z: 0}
  m_AnchorMin: {x: 0, y: 0}
  m_AnchorMax: {x: 0, y: 0}
  m_AnchoredPosition: {x: 0, y: 0}
  m_SizeDelta: {x: 100, y: 100}
  m_Pivot: {x: 0.5, y: 0.5}
--- !u!223 &4500064359779821083
Canvas:
  m_ObjectHideFlags: 0
  m_CorrespondingSourceObject: {fileID: 0}
  m_PrefabInstance: {fileID: 0}
  m_PrefabAsset: {fileID: 0}
  m_GameObject: {fileID: 7333675380702427509}
  m_Enabled: 1
  serializedVersion: 3
  m_RenderMode: 2
  m_Camera: {fileID: 0}
  m_PlaneDistance: 100
  m_PixelPerfect: 0
  m_ReceivesEvents: 1
  m_OverrideSorting: 0
  m_OverridePixelPerfect: 0
  m_SortingBucketNormalizedSize: 0
  m_AdditionalShaderChannelsFlag: 25
  m_SortingLayerID: 0
  m_SortingOrder: 0
  m_TargetDisplay: 0
--- !u!114 &7079449795763436727
MonoBehaviour:
  m_ObjectHideFlags: 0
  m_CorrespondingSourceObject: {fileID: 0}
  m_PrefabInstance: {fileID: 0}
  m_PrefabAsset: {fileID: 0}
  m_GameObject: {fileID: 7333675380702427509}
  m_Enabled: 0
  m_EditorHideFlags: 0
  m_Script: {fileID: 11500000, guid: 0cd44c1031e13a943bb63640046fad76, type: 3}
  m_Name: 
  m_EditorClassIdentifier: 
  m_UiScaleMode: 0
  m_ReferencePixelsPerUnit: 100
  m_ScaleFactor: 1
  m_ReferenceResolution: {x: 800, y: 600}
  m_ScreenMatchMode: 0
  m_MatchWidthOrHeight: 0
  m_PhysicalUnit: 3
  m_FallbackScreenDPI: 96
  m_DefaultSpriteDPI: 96
  m_DynamicPixelsPerUnit: 1
  m_PresetInfoIsWorld: 1
--- !u!114 &928840797570038513
MonoBehaviour:
  m_ObjectHideFlags: 0
  m_CorrespondingSourceObject: {fileID: 0}
  m_PrefabInstance: {fileID: 0}
  m_PrefabAsset: {fileID: 0}
  m_GameObject: {fileID: 7333675380702427509}
  m_Enabled: 0
  m_EditorHideFlags: 0
  m_Script: {fileID: 11500000, guid: dc42784cf147c0c48a680349fa168899, type: 3}
  m_Name: 
  m_EditorClassIdentifier: 
  m_IgnoreReversedGraphics: 0
  m_BlockingObjects: 0
  m_BlockingMask:
    serializedVersion: 2
    m_Bits: 0
--- !u!1001 &3447287986193602594
PrefabInstance:
  m_ObjectHideFlags: 0
  serializedVersion: 2
  m_Modification:
    m_TransformParent: {fileID: 2353099220278715895}
    m_Modifications:
    - target: {fileID: 1918916255359971470, guid: 9a024b0a9444a2d49b788d213b13b29e,
        type: 3}
      propertyPath: m_Name
      value: FocusArea
      objectReference: {fileID: 0}
    - target: {fileID: 5129659026213161099, guid: 9a024b0a9444a2d49b788d213b13b29e,
        type: 3}
      propertyPath: m_RootOrder
      value: 1
      objectReference: {fileID: 0}
    - target: {fileID: 5129659026213161099, guid: 9a024b0a9444a2d49b788d213b13b29e,
        type: 3}
      propertyPath: m_LocalPosition.x
      value: 0
      objectReference: {fileID: 0}
    - target: {fileID: 5129659026213161099, guid: 9a024b0a9444a2d49b788d213b13b29e,
        type: 3}
      propertyPath: m_LocalPosition.y
      value: 0
      objectReference: {fileID: 0}
    - target: {fileID: 5129659026213161099, guid: 9a024b0a9444a2d49b788d213b13b29e,
        type: 3}
      propertyPath: m_LocalPosition.z
      value: 0
      objectReference: {fileID: 0}
    - target: {fileID: 5129659026213161099, guid: 9a024b0a9444a2d49b788d213b13b29e,
        type: 3}
      propertyPath: m_LocalRotation.w
      value: 1
      objectReference: {fileID: 0}
    - target: {fileID: 5129659026213161099, guid: 9a024b0a9444a2d49b788d213b13b29e,
        type: 3}
      propertyPath: m_LocalRotation.x
      value: 0
      objectReference: {fileID: 0}
    - target: {fileID: 5129659026213161099, guid: 9a024b0a9444a2d49b788d213b13b29e,
        type: 3}
      propertyPath: m_LocalRotation.y
      value: 0
      objectReference: {fileID: 0}
    - target: {fileID: 5129659026213161099, guid: 9a024b0a9444a2d49b788d213b13b29e,
        type: 3}
      propertyPath: m_LocalRotation.z
      value: 0
      objectReference: {fileID: 0}
    - target: {fileID: 5129659026213161099, guid: 9a024b0a9444a2d49b788d213b13b29e,
        type: 3}
      propertyPath: m_LocalEulerAnglesHint.x
      value: 0
      objectReference: {fileID: 0}
    - target: {fileID: 5129659026213161099, guid: 9a024b0a9444a2d49b788d213b13b29e,
        type: 3}
      propertyPath: m_LocalEulerAnglesHint.y
      value: 0
      objectReference: {fileID: 0}
    - target: {fileID: 5129659026213161099, guid: 9a024b0a9444a2d49b788d213b13b29e,
        type: 3}
      propertyPath: m_LocalEulerAnglesHint.z
      value: 0
      objectReference: {fileID: 0}
    - target: {fileID: 5422003922634141947, guid: 9a024b0a9444a2d49b788d213b13b29e,
        type: 3}
      propertyPath: m_LocalScale.y
      value: 1
      objectReference: {fileID: 0}
    - target: {fileID: 5422003922634141947, guid: 9a024b0a9444a2d49b788d213b13b29e,
        type: 3}
      propertyPath: m_LocalPosition.y
      value: 0
      objectReference: {fileID: 0}
    - target: {fileID: 9221791478864830601, guid: 9a024b0a9444a2d49b788d213b13b29e,
        type: 3}
      propertyPath: _focusTarget.ObjectField
      value: 
      objectReference: {fileID: 4150455759417442789}
    m_RemovedComponents: []
  m_SourcePrefab: {fileID: 100100000, guid: 9a024b0a9444a2d49b788d213b13b29e, type: 3}
--- !u!4 &7559027663927857321 stripped
Transform:
  m_CorrespondingSourceObject: {fileID: 5129659026213161099, guid: 9a024b0a9444a2d49b788d213b13b29e,
    type: 3}
  m_PrefabInstance: {fileID: 3447287986193602594}
  m_PrefabAsset: {fileID: 0}
--- !u!1001 &3620472132734935587
PrefabInstance:
  m_ObjectHideFlags: 0
  serializedVersion: 2
  m_Modification:
    m_TransformParent: {fileID: 5219302336399435282}
    m_Modifications:
    - target: {fileID: 3070646355394575311, guid: db0a32f5f42af6241bc7ddefa8952743,
        type: 3}
      propertyPath: m_Material
      value: 
      objectReference: {fileID: 2100000, guid: da7a312b838db9e42bf650aa680b2493, type: 2}
    - target: {fileID: 3503380459155986205, guid: db0a32f5f42af6241bc7ddefa8952743,
        type: 3}
      propertyPath: m_Name
      value: Front
      objectReference: {fileID: 0}
    - target: {fileID: 4648737721058020338, guid: db0a32f5f42af6241bc7ddefa8952743,
        type: 3}
      propertyPath: m_Pivot.x
      value: 0.5
      objectReference: {fileID: 0}
    - target: {fileID: 4648737721058020338, guid: db0a32f5f42af6241bc7ddefa8952743,
        type: 3}
      propertyPath: m_Pivot.y
      value: 0.5
      objectReference: {fileID: 0}
    - target: {fileID: 4648737721058020338, guid: db0a32f5f42af6241bc7ddefa8952743,
        type: 3}
      propertyPath: m_RootOrder
      value: 0
      objectReference: {fileID: 0}
    - target: {fileID: 4648737721058020338, guid: db0a32f5f42af6241bc7ddefa8952743,
        type: 3}
      propertyPath: m_AnchorMax.x
      value: 1
      objectReference: {fileID: 0}
    - target: {fileID: 4648737721058020338, guid: db0a32f5f42af6241bc7ddefa8952743,
        type: 3}
      propertyPath: m_AnchorMax.y
      value: 1
      objectReference: {fileID: 0}
    - target: {fileID: 4648737721058020338, guid: db0a32f5f42af6241bc7ddefa8952743,
        type: 3}
      propertyPath: m_AnchorMin.x
      value: 0
      objectReference: {fileID: 0}
    - target: {fileID: 4648737721058020338, guid: db0a32f5f42af6241bc7ddefa8952743,
        type: 3}
      propertyPath: m_AnchorMin.y
      value: 0
      objectReference: {fileID: 0}
    - target: {fileID: 4648737721058020338, guid: db0a32f5f42af6241bc7ddefa8952743,
        type: 3}
      propertyPath: m_SizeDelta.x
      value: 0
      objectReference: {fileID: 0}
    - target: {fileID: 4648737721058020338, guid: db0a32f5f42af6241bc7ddefa8952743,
        type: 3}
      propertyPath: m_SizeDelta.y
      value: 0
      objectReference: {fileID: 0}
    - target: {fileID: 4648737721058020338, guid: db0a32f5f42af6241bc7ddefa8952743,
        type: 3}
      propertyPath: m_LocalScale.x
      value: 1
      objectReference: {fileID: 0}
    - target: {fileID: 4648737721058020338, guid: db0a32f5f42af6241bc7ddefa8952743,
        type: 3}
      propertyPath: m_LocalScale.y
      value: 1
      objectReference: {fileID: 0}
    - target: {fileID: 4648737721058020338, guid: db0a32f5f42af6241bc7ddefa8952743,
        type: 3}
      propertyPath: m_LocalScale.z
      value: 1
      objectReference: {fileID: 0}
    - target: {fileID: 4648737721058020338, guid: db0a32f5f42af6241bc7ddefa8952743,
        type: 3}
      propertyPath: m_LocalPosition.x
      value: 0
      objectReference: {fileID: 0}
    - target: {fileID: 4648737721058020338, guid: db0a32f5f42af6241bc7ddefa8952743,
        type: 3}
      propertyPath: m_LocalPosition.y
      value: 0
      objectReference: {fileID: 0}
    - target: {fileID: 4648737721058020338, guid: db0a32f5f42af6241bc7ddefa8952743,
        type: 3}
      propertyPath: m_LocalPosition.z
      value: 0
      objectReference: {fileID: 0}
    - target: {fileID: 4648737721058020338, guid: db0a32f5f42af6241bc7ddefa8952743,
        type: 3}
      propertyPath: m_LocalRotation.w
      value: 1
      objectReference: {fileID: 0}
    - target: {fileID: 4648737721058020338, guid: db0a32f5f42af6241bc7ddefa8952743,
        type: 3}
      propertyPath: m_LocalRotation.x
      value: 0
      objectReference: {fileID: 0}
    - target: {fileID: 4648737721058020338, guid: db0a32f5f42af6241bc7ddefa8952743,
        type: 3}
      propertyPath: m_LocalRotation.y
      value: 0
      objectReference: {fileID: 0}
    - target: {fileID: 4648737721058020338, guid: db0a32f5f42af6241bc7ddefa8952743,
        type: 3}
      propertyPath: m_LocalRotation.z
      value: 0
      objectReference: {fileID: 0}
    - target: {fileID: 4648737721058020338, guid: db0a32f5f42af6241bc7ddefa8952743,
        type: 3}
      propertyPath: m_AnchoredPosition.x
      value: 0
      objectReference: {fileID: 0}
    - target: {fileID: 4648737721058020338, guid: db0a32f5f42af6241bc7ddefa8952743,
        type: 3}
      propertyPath: m_AnchoredPosition.y
      value: 0
      objectReference: {fileID: 0}
    - target: {fileID: 4648737721058020338, guid: db0a32f5f42af6241bc7ddefa8952743,
        type: 3}
      propertyPath: m_LocalEulerAnglesHint.x
      value: 0
      objectReference: {fileID: 0}
    - target: {fileID: 4648737721058020338, guid: db0a32f5f42af6241bc7ddefa8952743,
        type: 3}
      propertyPath: m_LocalEulerAnglesHint.y
      value: 0
      objectReference: {fileID: 0}
    - target: {fileID: 4648737721058020338, guid: db0a32f5f42af6241bc7ddefa8952743,
        type: 3}
      propertyPath: m_LocalEulerAnglesHint.z
      value: 0
      objectReference: {fileID: 0}
    - target: {fileID: 9112218002114126386, guid: db0a32f5f42af6241bc7ddefa8952743,
        type: 3}
      propertyPath: m_Maskable
      value: 0
      objectReference: {fileID: 0}
    - target: {fileID: 9112218002114126386, guid: db0a32f5f42af6241bc7ddefa8952743,
        type: 3}
      propertyPath: m_RaycastTarget
      value: 0
      objectReference: {fileID: 0}
    m_RemovedComponents: []
  m_SourcePrefab: {fileID: 100100000, guid: db0a32f5f42af6241bc7ddefa8952743, type: 3}
--- !u!114 &5497656847784689681 stripped
MonoBehaviour:
  m_CorrespondingSourceObject: {fileID: 9112218002114126386, guid: db0a32f5f42af6241bc7ddefa8952743,
    type: 3}
  m_PrefabInstance: {fileID: 3620472132734935587}
  m_PrefabAsset: {fileID: 0}
  m_GameObject: {fileID: 0}
  m_Enabled: 1
  m_EditorHideFlags: 0
  m_Script: {fileID: 11500000, guid: f4688fdb7df04437aeb418b961361dc5, type: 3}
  m_Name: 
  m_EditorClassIdentifier: 
--- !u!224 &8267802334873168337 stripped
RectTransform:
  m_CorrespondingSourceObject: {fileID: 4648737721058020338, guid: db0a32f5f42af6241bc7ddefa8952743,
    type: 3}
  m_PrefabInstance: {fileID: 3620472132734935587}
  m_PrefabAsset: {fileID: 0}
--- !u!1001 &6783152160944322090
PrefabInstance:
  m_ObjectHideFlags: 0
  serializedVersion: 2
  m_Modification:
    m_TransformParent: {fileID: 5219302336399435282}
    m_Modifications:
    - target: {fileID: 3070646355394575311, guid: db0a32f5f42af6241bc7ddefa8952743,
        type: 3}
      propertyPath: m_Material
      value: 
      objectReference: {fileID: 2100000, guid: da7a312b838db9e42bf650aa680b2493, type: 2}
    - target: {fileID: 3503380459155986205, guid: db0a32f5f42af6241bc7ddefa8952743,
        type: 3}
      propertyPath: m_Name
      value: Back
      objectReference: {fileID: 0}
    - target: {fileID: 4648737721058020338, guid: db0a32f5f42af6241bc7ddefa8952743,
        type: 3}
      propertyPath: m_Pivot.x
      value: 0.5
      objectReference: {fileID: 0}
    - target: {fileID: 4648737721058020338, guid: db0a32f5f42af6241bc7ddefa8952743,
        type: 3}
      propertyPath: m_Pivot.y
      value: 0.5
      objectReference: {fileID: 0}
    - target: {fileID: 4648737721058020338, guid: db0a32f5f42af6241bc7ddefa8952743,
        type: 3}
      propertyPath: m_RootOrder
      value: 1
      objectReference: {fileID: 0}
    - target: {fileID: 4648737721058020338, guid: db0a32f5f42af6241bc7ddefa8952743,
        type: 3}
      propertyPath: m_AnchorMax.x
      value: 1
      objectReference: {fileID: 0}
    - target: {fileID: 4648737721058020338, guid: db0a32f5f42af6241bc7ddefa8952743,
        type: 3}
      propertyPath: m_AnchorMax.y
      value: 1
      objectReference: {fileID: 0}
    - target: {fileID: 4648737721058020338, guid: db0a32f5f42af6241bc7ddefa8952743,
        type: 3}
      propertyPath: m_AnchorMin.x
      value: 0
      objectReference: {fileID: 0}
    - target: {fileID: 4648737721058020338, guid: db0a32f5f42af6241bc7ddefa8952743,
        type: 3}
      propertyPath: m_AnchorMin.y
      value: 0
      objectReference: {fileID: 0}
    - target: {fileID: 4648737721058020338, guid: db0a32f5f42af6241bc7ddefa8952743,
        type: 3}
      propertyPath: m_SizeDelta.x
      value: 0
      objectReference: {fileID: 0}
    - target: {fileID: 4648737721058020338, guid: db0a32f5f42af6241bc7ddefa8952743,
        type: 3}
      propertyPath: m_SizeDelta.y
      value: 0
      objectReference: {fileID: 0}
    - target: {fileID: 4648737721058020338, guid: db0a32f5f42af6241bc7ddefa8952743,
        type: 3}
      propertyPath: m_LocalScale.x
      value: 1
      objectReference: {fileID: 0}
    - target: {fileID: 4648737721058020338, guid: db0a32f5f42af6241bc7ddefa8952743,
        type: 3}
      propertyPath: m_LocalScale.y
      value: 1
      objectReference: {fileID: 0}
    - target: {fileID: 4648737721058020338, guid: db0a32f5f42af6241bc7ddefa8952743,
        type: 3}
      propertyPath: m_LocalScale.z
      value: 1
      objectReference: {fileID: 0}
    - target: {fileID: 4648737721058020338, guid: db0a32f5f42af6241bc7ddefa8952743,
        type: 3}
      propertyPath: m_LocalPosition.x
      value: 0
      objectReference: {fileID: 0}
    - target: {fileID: 4648737721058020338, guid: db0a32f5f42af6241bc7ddefa8952743,
        type: 3}
      propertyPath: m_LocalPosition.y
      value: 0
      objectReference: {fileID: 0}
    - target: {fileID: 4648737721058020338, guid: db0a32f5f42af6241bc7ddefa8952743,
        type: 3}
      propertyPath: m_LocalPosition.z
      value: 0
      objectReference: {fileID: 0}
    - target: {fileID: 4648737721058020338, guid: db0a32f5f42af6241bc7ddefa8952743,
        type: 3}
      propertyPath: m_LocalRotation.w
      value: -0.0000019315628
      objectReference: {fileID: 0}
    - target: {fileID: 4648737721058020338, guid: db0a32f5f42af6241bc7ddefa8952743,
        type: 3}
      propertyPath: m_LocalRotation.x
      value: -0
      objectReference: {fileID: 0}
    - target: {fileID: 4648737721058020338, guid: db0a32f5f42af6241bc7ddefa8952743,
        type: 3}
      propertyPath: m_LocalRotation.y
      value: 1
      objectReference: {fileID: 0}
    - target: {fileID: 4648737721058020338, guid: db0a32f5f42af6241bc7ddefa8952743,
        type: 3}
      propertyPath: m_LocalRotation.z
      value: -0
      objectReference: {fileID: 0}
    - target: {fileID: 4648737721058020338, guid: db0a32f5f42af6241bc7ddefa8952743,
        type: 3}
      propertyPath: m_AnchoredPosition.x
      value: 0
      objectReference: {fileID: 0}
    - target: {fileID: 4648737721058020338, guid: db0a32f5f42af6241bc7ddefa8952743,
        type: 3}
      propertyPath: m_AnchoredPosition.y
      value: 0
      objectReference: {fileID: 0}
    - target: {fileID: 4648737721058020338, guid: db0a32f5f42af6241bc7ddefa8952743,
        type: 3}
      propertyPath: m_LocalEulerAnglesHint.x
      value: 0
      objectReference: {fileID: 0}
    - target: {fileID: 4648737721058020338, guid: db0a32f5f42af6241bc7ddefa8952743,
        type: 3}
      propertyPath: m_LocalEulerAnglesHint.y
      value: 180
      objectReference: {fileID: 0}
    - target: {fileID: 4648737721058020338, guid: db0a32f5f42af6241bc7ddefa8952743,
        type: 3}
      propertyPath: m_LocalEulerAnglesHint.z
      value: 0
      objectReference: {fileID: 0}
    - target: {fileID: 9112218002114126386, guid: db0a32f5f42af6241bc7ddefa8952743,
        type: 3}
      propertyPath: m_Maskable
      value: 0
      objectReference: {fileID: 0}
    - target: {fileID: 9112218002114126386, guid: db0a32f5f42af6241bc7ddefa8952743,
        type: 3}
      propertyPath: m_RaycastTarget
      value: 0
      objectReference: {fileID: 0}
    m_RemovedComponents: []
  m_SourcePrefab: {fileID: 100100000, guid: db0a32f5f42af6241bc7ddefa8952743, type: 3}
--- !u!224 &2207109752987401688 stripped
RectTransform:
  m_CorrespondingSourceObject: {fileID: 4648737721058020338, guid: db0a32f5f42af6241bc7ddefa8952743,
    type: 3}
  m_PrefabInstance: {fileID: 6783152160944322090}
  m_PrefabAsset: {fileID: 0}
--- !u!114 &2330473225717077016 stripped
MonoBehaviour:
  m_CorrespondingSourceObject: {fileID: 9112218002114126386, guid: db0a32f5f42af6241bc7ddefa8952743,
    type: 3}
  m_PrefabInstance: {fileID: 6783152160944322090}
  m_PrefabAsset: {fileID: 0}
  m_GameObject: {fileID: 0}
  m_Enabled: 1
  m_EditorHideFlags: 0
  m_Script: {fileID: 11500000, guid: f4688fdb7df04437aeb418b961361dc5, type: 3}
  m_Name: 
  m_EditorClassIdentifier: 
